2974 4746
647 471 806 535 ...39-

210 659 226 700 ιι
254 623 443 720 dehortata
454 639 539 701 sunt
554 625 627 702 huc
644 625 800 728 prodire,
811 631 912 721 anni,
923 643 1018 719 aetas,
1031 608 1113 721 von,
1129 631 1233 721 vires,

212 783 230 822 a
258 767 442 846 senectus3
466 758 776 826 verumenimvero
791 779 907 853 qvanm
929 767 1065 828 tantam
1084 779 1157 828 rem
1175 777 1237 855 pe·

212 911 229 946 a
258 886 372 978 ragier
406 877 612 953 arbitrarer.
647 913 662 946 o
699 879 796 952 Illud
825 895 944 954 autem
972 887 1008 952 in
1035 885 1236 953 orationem

210 1009 368 1077 Memmii
384 1003 522 1078 tribuni
537 1010 688 1103 arripnit
698 1001 887 1078 Sallustius
899 1003 974 1104 (1):
1003 1035 1020 1071 a
1049 1005 1160 1077 Multa
1183 1030 1239 1078 me

212 1159 229 1195 a
258 1129 498 1201 dehortantur
517 1155 536 1202 a
558 1129 673 1220 vobis,
688 1134 860 1222 Quirites,
884 1137 920 1202 ni
941 1130 1102 1203 studium
1119 1137 1239 1231 reipu-

213 1283 230 1318 ι(
256 1251 361 1324 blicae
382 1259 504 1325 omnia
524 1270 685 1352 superet,
711 1269 777 1327 etc.
804 1285 819 1319 n
846 1261 923 1326 Jam
951 1254 1177 1328 laudavimus
1197 1281 1240 1328 ex

210 1381 373 1448 oratione
400 1392 523 1448 contro
569 1375 761 1448 Thermum
803 1393 1058 1475 argumentum
1088 1379 1189 1476 qnod
1216 1406 1240 1450 a

203 1502 353 1583 fortiori
365 1499 514 1574 dicunt:
536 1532 553 1566 <c
570 1507 665 1574 Servi
682 1505 833 1599 injurias
850 1508 956 1573 nimis
980 1527 1070 1600 aegre
1093 1501 1236 1575 ferunt:

213 1655 229 1688 a
258 1626 346 1722 quid
374 1625 456 1697 illos
482 1624 584 1698 bono
610 1649 739 1722 genere
764 1641 915 1723 gnatos,
949 1651 1077 1723 magna
1111 1633 1241 1698 virtute

213 1779 230 1814 a
258 1748 439 1846 praeditos,
466 1754 666 1847 opinamini
690 1753 801 1820 animi
821 1749 993 1820 habuisse
1007 1764 1116 1846 atque
1133 1749 1239 1821 habi-

213 1903 230 1937 «
259 1884 361 1943 turos
388 1871 476 1943 dum
498 1874 638 1943 vivent?
664 1904 681 1938 a
711 1887 747 1944 et
775 1878 938 1944 cumeis
966 1877 1240 1970 composuimus

209 1992 317 2067 verba
335 1994 492 2068 Sallustii
510 2019 553 2067 ex
572 1993 697 2066 eadem
711 1999 872 2067 Memmii
893 2001 1057 2066 oratione
1076 2025 1083 2067 :
1107 2025 1123 2061 a
1141 2001 1239 2067 Servi

213 2147 229 2182 a
258 2143 325 2189 aere
338 2125 464 2216 parati,
494 2122 629 2215 injusta
649 2123 798 2218 imperia
812 2115 1048 2190 dominorum
1068 2145 1143 2190 nou
1160 2145 1236 2216 per-

213 2251 229 2304 ἀ
259 2239 404 2331 feriante
424 2267 502 2331 vost,
524 2245 695 2332 Quirites,
722 2245 1096 2339 irriperiotaati,mq110
1117 2248 1240 2342 auimo

213 2392 229 2430 a
259 2371 463 2436 servitutem
495 2365 676 2438 toleratis?
702 2397 719 2430 »
752 2369 874 2435 -Ex
900 2370 1046 2438 Catonis
1077 2368 1240 2438 oratione

211 2487 263 2560 ‘acl
279 2487 348 2560 lint
361 2496 539 2561 censorias
553 2489 623 2561 hoc
643 2487 762 2560 attulit
783 2495 905 2561 Festus
925 2489 1003 2586 (2):
1030 2519 1046 2554 o
1070 2493 1151 2561 Scio
1170 2485 1240 2558 for·

211 2625 315 2685 tunas
355 2614 531 2686 secundas
562 2613 822 2712 neglegentiam
854 2613 1030 2712 prendere
1057 2613 1185 2684 solere.
1220 2643 1236 2678 n

210 2735 323 2832 Cujus
338 2744 520 2808 sententiae
536 2759 687 2825 memor,
710 2737 818 2825 hatte,
839 2761 946 2808 sensu
966 2737 1156 2821 diversam,
1176 2735 1237 2806 sed

210 2873 329 2931 tamen
350 2865 685 2960 exprimendam,
707 2865 743 2930 in
767 2865 931 2932 oratione
949 2863 998 2931 M.
1021 2863 1166 2932 Catonis
1187 2858 1240 2954 (3)
1351 2923 1354 2929 i

211 2990 333 3082 posuit
352 2983 568 3056 Sallustius:
602 3017 618 3051 a
646 2985 842 3083 Opulentia
864 2983 1122 3081 neglegentiam
1149 2981 1238 3053 tole·

212 3109 325 3182 rabili.
352 3143 368 3176 n

259 3233 324 3306 Sed
354 3235 458 3332 plura
486 3231 709 3331 hujusmodi
724 3231 835 3305 habet
856 3237 892 3302 in
920 3231 1098 3329 Jugarraa
1121 3233 1238 3300 oratio

211 3363 251 3430 C.
270 3360 371 3429 Marii
388 3360 454 3456 (d),
478 3385 585 3456 quem
608 3363 723 3429 virum
744 3355 787 3431 ad
810 3356 1084 3428 similitudinem
1100 3361 1156 3426 sui
1177 3360 1240 3426 Ca·

211 3487 306 3554 tonis
324 3483 485 3571 linxisse,
506 3498 541 3553 et
559 3487 761 3554 Catoniano
788 3505 888 3552 more
915 3479 959 3550 de
979 3504 1015 3550 se
1038 3493 1073 3549 et
1094 3478 1139 3549 de
1161 3478 1239 3548 aliis

211 3610 424 3678 sentientem
448 3633 489 3679 ac
512 3606 721 3703 loquentem
744 3605 928 3676 induxisse
948 3601 1088 3674 videtur
1109 3600 1239 3673 Sallus·

246 3881 283 3945 (n
300 3879 364 3948 roo.
381 3881 424 3932 aa.

247 3965 283 4036 (2)
299 3967 329 4020 ln
342 3966 424 4022 verbo
433 3968 520 4038 poesi.

246 4061 283 4124 (3)
305 4056 364 4112 Cal.
375 4057 419 4110 52.

247 4146 284 4218 (l)
301 4146 364 4217 luo.
379 4145 422 4201 st.
