<?xml version="1.0" encoding="UTF-8"?>
<!DOCTYPE html PUBLIC "-//W3C//DTD XHTML 1.0 Transitional//EN"
    "http://www.w3.org/TR/xhtml1/DTD/xhtml1-transitional.dtd">
<html xmlns="http://www.w3.org/1999/xhtml" xml:lang="en" lang="en">
 <head>
  <title>
</title>
<meta http-equiv="Content-Type" content="text/html;charset=utf-8" />
  <meta name='ocr-system' content='tesseract 3.04.00' />
  <meta name='ocr-capabilities' content='ocr_page ocr_carea ocr_par ocr_line ocrx_word'/>
</head>
<body>
  <div class='ocr_page' id='page_1' title='image "./desallustiocato00deltgoog_0069.png"; bbox 0 0 2974 4746; ppageno 0'>
   <div class='ocr_carea' id='block_1_1' title="bbox 695 431 853 530">
    <p class='ocr_par' dir='ltr' id='par_1_1' title="bbox 695 431 853 530">
     <span class='ocr_line' id='line_1_1' title="bbox 695 431 853 530; baseline -0.013 -46"><span class='ocrx_word' id='word_1_1' title='bbox 695 463 734 484; x_wconf 81' lang='lat'>-</span> <span class='ocrx_word' id='word_1_2' title='bbox 756 431 853 530; x_wconf 68' lang='lat' dir='ltr'>aa..</span> 
     </span>
    </p>
   </div>
   <div class='ocr_carea' id='block_1_2' title="bbox 188 585 1347 3159">
    <p class='ocr_par' dir='ltr' id='par_1_2' title="bbox 188 585 1347 2914">
     <span class='ocr_line' id='line_1_2' title="bbox 259 585 1285 690; baseline -0.005 -25"><span class='ocrx_word' id='word_1_3' title='bbox 259 585 305 665; x_wconf 88' lang='lat' dir='ltr'>de</span> <span class='ocrx_word' id='word_1_4' title='bbox 319 589 462 665; x_wconf 81' lang='lat' dir='ltr'><strong>Tiburis</strong></span> <span class='ocrx_word' id='word_1_5' title='bbox 475 593 661 690; x_wconf 81' lang='lat' dir='ltr'>origineet</span> <span class='ocrx_word' id='word_1_6' title='bbox 675 597 746 665; x_wconf 88' lang='lat' dir='ltr'>situ</span> <span class='ocrx_word' id='word_1_7' title='bbox 762 588 875 666; x_wconf 85' lang='lat' dir='ltr'>multa</span> <span class='ocrx_word' id='word_1_8' title='bbox 889 585 1077 676; x_wconf 79' lang='lat' dir='ltr'>referebat,</span> <span class='ocrx_word' id='word_1_9' title='bbox 1097 591 1186 662; x_wconf 87' lang='lat' dir='ltr'>iuter</span> <span class='ocrx_word' id='word_1_10' title='bbox 1206 611 1285 684; x_wconf 76' lang='lat' dir='ltr'>quas</span> 
     </span>
     <span class='ocr_line' id='line_1_3' title="bbox 259 710 1284 818; baseline -0.001 -29"><span class='ocrx_word' id='word_1_11' title='bbox 259 737 320 790; x_wconf 84' lang='lat' dir='ltr'>aa:</span> <span class='ocrx_word' id='word_1_12' title='bbox 347 720 419 798; x_wconf 74' lang='lat' dir='ltr'>a-lu</span> <span class='ocrx_word' id='word_1_13' title='bbox 433 739 562 818; x_wconf 84' lang='lat' dir='ltr'>campo.</span> <span class='ocrx_word' id='word_1_14' title='bbox 574 715 715 792; x_wconf 86' lang='lat' dir='ltr'>Tiburti</span> <span class='ocrx_word' id='word_1_15' title='bbox 728 714 792 790; x_wconf 92' lang='lat' dir='ltr'>ubi</span> <span class='ocrx_word' id='word_1_16' title='bbox 806 713 958 790; x_wconf 89' lang='lat' dir='ltr'>ordeum</span> <span class='ocrx_word' id='word_1_17' title='bbox 970 712 1177 808; x_wconf 83' lang='lat' dir='ltr'>demessuit,</span> <span class='ocrx_word' id='word_1_18' title='bbox 1190 710 1284 788; x_wconf 85' lang='lat' dir='ltr'>idern</span> 
     </span>
     <span class='ocr_line' id='line_1_4' title="bbox 263 839 1285 934; baseline -0.005 -18"><span class='ocrx_word' id='word_1_19' title='bbox 263 869 280 906; x_wconf 81' lang='lat' dir='ltr'>a</span> <span class='ocrx_word' id='word_1_20' title='bbox 299 841 548 927; x_wconf 83' lang='lat' dir='ltr'>inruentibus</span> <span class='ocrx_word' id='word_1_21' title='bbox 566 847 664 934; x_wconf 86' lang='lat' dir='ltr'>serit,</span> <span class='ocrx_word' id='word_1_22' title='bbox 689 841 754 916; x_wconf 92' lang='lat' dir='ltr'>ubi</span> <span class='ocrx_word' id='word_1_23' title='bbox 772 839 923 916; x_wconf 86' lang='lat' dir='ltr'>ordeum</span> <span class='ocrx_word' id='word_1_24' title='bbox 943 839 1038 914; x_wconf 89' lang='lat' dir='ltr'>idem</span> <span class='ocrx_word' id='word_1_25' title='bbox 1061 843 1190 914; x_wconf 84' lang='lat' dir='ltr'>iterum</span> <span class='ocrx_word' id='word_1_26' title='bbox 1212 863 1285 912; x_wconf 85' lang='lat' dir='ltr'>rue-</span> 
     </span>
     <span class='ocr_line' id='line_1_5' title="bbox 263 963 1284 1066; baseline -0.001 -29"><span class='ocrx_word' id='word_1_27' title='bbox 263 964 434 1062; x_wconf 68' lang='lat' dir='ltr'>a,tir(1);</span> <span class='ocrx_word' id='word_1_28' title='bbox 454 997 471 1034; x_wconf 73' lang='lat' dir='ltr'>a</span> <span class='ocrx_word' id='word_1_29' title='bbox 503 989 545 1040; x_wconf 86' lang='lat' dir='ltr'>ac</span> <span class='ocrx_word' id='word_1_30' title='bbox 575 981 710 1066; x_wconf 84' lang='lat' dir='ltr'>postea,</span> <span class='ocrx_word' id='word_1_31' title='bbox 737 992 854 1066; x_wconf 89' lang='lat' dir='ltr'>quum</span> <span class='ocrx_word' id='word_1_32' title='bbox 880 964 923 1038; x_wconf 91' lang='lat' dir='ltr'>ad</span> <span class='ocrx_word' id='word_1_33' title='bbox 955 963 1091 1038; x_wconf 89' lang='lat' dir='ltr'>bellum</span> <span class='ocrx_word' id='word_1_34' title='bbox 1109 965 1284 1037; x_wconf 84' lang='lat' dir='ltr'>Gallicum</span> 
     </span>
     <span class='ocr_line' id='line_1_6' title="bbox 259 1087 1285 1190; baseline -0.006 -26"><span class='ocrx_word' id='word_1_35' title='bbox 259 1088 456 1178; x_wconf 80' lang='lat' dir='ltr'>accederet,</span> <span class='ocrx_word' id='word_1_36' title='bbox 484 1090 530 1164; x_wconf 91' lang='lat' dir='ltr'>de</span> <span class='ocrx_word' id='word_1_37' title='bbox 545 1090 736 1190; x_wconf 80' lang='lat' dir='ltr'>Cisalpinae</span> <span class='ocrx_word' id='word_1_38' title='bbox 752 1090 876 1164; x_wconf 82' lang='lat' dir='ltr'>Galliae</span> <span class='ocrx_word' id='word_1_39' title='bbox 905 1089 1051 1190; x_wconf 90' lang='lat' dir='ltr'>populis</span> <span class='ocrx_word' id='word_1_40' title='bbox 1076 1087 1285 1178; x_wconf 74' lang='lat' dir='ltr'>disserebat,</span> 
     </span>
     <span class='ocr_line' id='line_1_7' title="bbox 263 1211 1288 1309; baseline -0.003 -22"><span class='ocrx_word' id='word_1_41' title='bbox 263 1239 380 1287; x_wconf 88' lang='lat' dir='ltr'>mores</span> <span class='ocrx_word' id='word_1_42' title='bbox 396 1212 585 1305; x_wconf 88' lang='lat' dir='ltr'>Gallorum</span> <span class='ocrx_word' id='word_1_43' title='bbox 602 1214 658 1287; x_wconf 91' lang='lat' dir='ltr'>bis</span> <span class='ocrx_word' id='word_1_44' title='bbox 675 1211 793 1286; x_wconf 88' lang='lat' dir='ltr'>verbis</span> <span class='ocrx_word' id='word_1_45' title='bbox 812 1213 1056 1286; x_wconf 78' lang='lat' dir='ltr'>adumbrans:</span> <span class='ocrx_word' id='word_1_46' title='bbox 1083 1243 1099 1278; x_wconf 80' lang='lat' dir='ltr'>a</span> <span class='ocrx_word' id='word_1_47' title='bbox 1119 1213 1288 1309; x_wconf 77' lang='lat' dir='ltr'>Pleraque</span> 
     </span>
     <span class='ocr_line' id='line_1_8' title="bbox 264 1337 1288 1434; baseline 0.002 -28"><span class='ocrx_word' id='word_1_48' title='bbox 264 1368 281 1406; x_wconf 78' lang='lat' dir='ltr'>u</span> <span class='ocrx_word' id='word_1_49' title='bbox 298 1337 414 1418; x_wconf 82' lang='lat' dir='ltr'>Gallia</span> <span class='ocrx_word' id='word_1_50' title='bbox 427 1337 517 1410; x_wconf 89' lang='lat' dir='ltr'>duas</span> <span class='ocrx_word' id='word_1_51' title='bbox 530 1363 585 1412; x_wconf 87' lang='lat' dir='ltr'>res</span> <span class='ocrx_word' id='word_1_52' title='bbox 602 1337 936 1410; x_wconf 89' lang='lat' dir='ltr'>industriosissnme</span> <span class='ocrx_word' id='word_1_53' title='bbox 956 1343 1197 1434; x_wconf 88' lang='lat' dir='ltr'>persequitur,</span> <span class='ocrx_word' id='word_1_54' title='bbox 1217 1361 1288 1408; x_wconf 87' lang='lat' dir='ltr'>rein</span> 
     </span>
     <span class='ocr_line' id='line_1_9' title="bbox 267 1459 1292 1560; baseline 0.002 -30"><span class='ocrx_word' id='word_1_55' title='bbox 267 1462 491 1544; x_wconf 68' lang='lat' dir='ltr'>auriliiarem</span> <span class='ocrx_word' id='word_1_56' title='bbox 519 1477 554 1534; x_wconf 87' lang='lat' dir='ltr'>et</span> <span class='ocrx_word' id='word_1_57' title='bbox 579 1475 703 1558; x_wconf 82' lang='lat' dir='ltr'>argute</span> <span class='ocrx_word' id='word_1_58' title='bbox 735 1461 838 1558; x_wconf 89' lang='lat' dir='ltr'>loqui</span> <span class='ocrx_word' id='word_1_59' title='bbox 862 1461 964 1558; x_wconf 82' lang='lat'>(2)».</span> <span class='ocrx_word' id='word_1_60' title='bbox 1004 1459 1120 1533; x_wconf 86' lang='lat' dir='ltr'>Multa</span> <span class='ocrx_word' id='word_1_61' title='bbox 1146 1466 1292 1560; x_wconf 78' lang='lat' dir='ltr'>insuper</span> 
     </span>
     <span class='ocr_line' id='line_1_10' title="bbox 263 1584 1290 1679; baseline -0.006 -19"><span class='ocrx_word' id='word_1_62' title='bbox 263 1584 333 1660; x_wconf 87' lang='lat' dir='ltr'>alia</span> <span class='ocrx_word' id='word_1_63' title='bbox 354 1584 398 1656; x_wconf 91' lang='lat' dir='ltr'>de</span> <span class='ocrx_word' id='word_1_64' title='bbox 416 1584 528 1656; x_wconf 88' lang='lat' dir='ltr'>Gallis</span> <span class='ocrx_word' id='word_1_65' title='bbox 542 1609 560 1656; x_wconf 91' lang='lat' dir='ltr'>e</span> <span class='ocrx_word' id='word_1_66' title='bbox 573 1589 709 1656; x_wconf 80' lang='lat' dir='ltr'>Catone</span> <span class='ocrx_word' id='word_1_67' title='bbox 727 1585 845 1656; x_wconf 83' lang='lat' dir='ltr'>hausit</span> <span class='ocrx_word' id='word_1_68' title='bbox 862 1584 998 1654; x_wconf 80' lang='lat' dir='ltr'>Plinius</span> <span class='ocrx_word' id='word_1_69' title='bbox 1013 1590 1121 1679; x_wconf 81' lang='lat' dir='ltr'>(Hr‘st.</span> <span class='ocrx_word' id='word_1_70' title='bbox 1136 1601 1212 1654; x_wconf 83' lang='lat' dir='ltr'>unt.</span> <span class='ocrx_word' id='word_1_71' title='bbox 1227 1587 1290 1672; x_wconf 87' lang='lat' dir='ltr'>lll,</span> 
     </span>
     <span class='ocr_line' id='line_1_11' title="bbox 270 1705 1291 1805; baseline -0.003 -25"><span class='ocrx_word' id='word_1_72' title='bbox 270 1709 401 1805; x_wconf 76' lang='lat' dir='ltr'>¹9·2lll</span> <span class='ocrx_word' id='word_1_73' title='bbox 428 1723 462 1778; x_wconf 91' lang='lat' dir='ltr'>et</span> <span class='ocrx_word' id='word_1_74' title='bbox 485 1705 530 1780; x_wconf 89' lang='lat' dir='ltr'>de</span> <span class='ocrx_word' id='word_1_75' title='bbox 550 1707 742 1804; x_wconf 82' lang='lat' dir='ltr'>Liguribus</span> <span class='ocrx_word' id='word_1_76' title='bbox 761 1712 902 1778; x_wconf 77' lang='lat' dir='ltr'>servius</span> <span class='ocrx_word' id='word_1_77' title='bbox 920 1706 992 1803; x_wconf 82' lang='lat' dir='ltr'>(acl</span> <span class='ocrx_word' id='word_1_78' title='bbox 1011 1713 1097 1778; x_wconf 83' lang='lat' dir='ltr'>AEn.</span> <span class='ocrx_word' id='word_1_79' title='bbox 1115 1713 1181 1799; x_wconf 88' lang='lat' dir='ltr'>Xl,</span> <span class='ocrx_word' id='word_1_80' title='bbox 1208 1733 1291 1804; x_wconf 84' lang='lat'><strong>700,</strong></span> 
     </span>
     <span class='ocr_line' id='line_1_12' title="bbox 269 1829 1293 1930; baseline -0.002 -28"><span class='ocrx_word' id='word_1_81' title='bbox 269 1830 367 1930; x_wconf 81' lang='lat'>715).</span> <span class='ocrx_word' id='word_1_82' title='bbox 391 1836 432 1902; x_wconf 93' lang='lat' dir='ltr'>In</span> <span class='ocrx_word' id='word_1_83' title='bbox 451 1829 576 1901; x_wconf 89' lang='lat' dir='ltr'>eodem</span> <span class='ocrx_word' id='word_1_84' title='bbox 593 1831 689 1902; x_wconf 92' lang='lat' dir='ltr'>libro</span> <span class='ocrx_word' id='word_1_85' title='bbox 713 1836 859 1902; x_wconf 87' lang='lat' dir='ltr'>Larium</span> <span class='ocrx_word' id='word_1_86' title='bbox 891 1830 1008 1902; x_wconf 91' lang='lat' dir='ltr'>lacum</span> <span class='ocrx_word' id='word_1_87' title='bbox 1026 1831 1078 1926; x_wconf 76' lang='lat'>(3)</span> <span class='ocrx_word' id='word_1_88' title='bbox 1106 1846 1141 1901; x_wconf 93' lang='lat' dir='ltr'>et</span> <span class='ocrx_word' id='word_1_89' title='bbox 1164 1836 1293 1902; x_wconf 88' lang='lat' dir='ltr'>Arimi·</span> 
     </span>
     <span class='ocr_line' id='line_1_13' title="bbox 268 1953 1294 2051; baseline 0 -25"><span class='ocrx_word' id='word_1_90' title='bbox 268 1961 426 2026; x_wconf 87' lang='lat' dir='ltr'>niensem</span> <span class='ocrx_word' id='word_1_91' title='bbox 448 1979 573 2051; x_wconf 83' lang='lat' dir='ltr'>agrum</span> <span class='ocrx_word' id='word_1_92' title='bbox 591 1954 643 2048; x_wconf 77' lang='grc'>(4)</span> <span class='ocrx_word' id='word_1_93' title='bbox 664 1953 898 2051; x_wconf 80' lang='lat' dir='ltr'>descripserat</span> <span class='ocrx_word' id='word_1_94' title='bbox 918 1959 1019 2026; x_wconf 82' lang='lat' dir='ltr'>Catu.</span> <span class='ocrx_word' id='word_1_95' title='bbox 1045 1953 1294 2026; x_wconf 76' lang='lat' dir='ltr'>liberantem</span> 
     </span>
     <span class='ocr_line' id='line_1_14' title="bbox 268 2075 1295 2174; baseline -0.001 -24"><span class='ocrx_word' id='word_1_96' title='bbox 268 2083 393 2150; x_wconf 85' lang='lat' dir='ltr'>tertius</span> <span class='ocrx_word' id='word_1_97' title='bbox 411 2076 589 2149; x_wconf 84' lang='lat' dir='ltr'>inferioris</span> <span class='ocrx_word' id='word_1_98' title='bbox 601 2075 711 2147; x_wconf 81' lang='lat' dir='ltr'>ltaliae</span> <span class='ocrx_word' id='word_1_99' title='bbox 725 2077 845 2166; x_wconf 90' lang='lat' dir='ltr'>urbes,</span> <span class='ocrx_word' id='word_1_100' title='bbox 861 2077 1004 2165; x_wconf 74' lang='lat' dir='ltr'>fluvius,</span> <span class='ocrx_word' id='word_1_101' title='bbox 1020 2103 1119 2174; x_wconf 56' lang='lat' dir='ltr'>opes</span> <span class='ocrx_word' id='word_1_102' title='bbox 1137 2093 1295 2150; x_wconf 85' lang='lat' dir='ltr'>veterem</span> 
     </span>
     <span class='ocr_line' id='line_1_15' title="bbox 188 2199 1296 2299; baseline -0.002 -27"><span class='ocrx_word' id='word_1_103' title='bbox 188 2287 191 2293; x_wconf 24' lang='grc' dir='ltr'>Ι</span> <span class='ocrx_word' id='word_1_104' title='bbox 270 2203 455 2280; x_wconf 77' lang='lat' dir='ltr'>historiam</span> <span class='ocrx_word' id='word_1_105' title='bbox 473 2199 684 2276; x_wconf 82' lang='lat' dir='ltr'>recensebat</span> <span class='ocrx_word' id='word_1_106' title='bbox 702 2199 768 2297; x_wconf 86' lang='lat'>(5)</span> <span class='ocrx_word' id='word_1_107' title='bbox 796 2205 885 2292; x_wconf 77' lang='lat' dir='ltr'>Quae</span> <span class='ocrx_word' id='word_1_108' title='bbox 905 2205 1028 2272; x_wconf 85' lang='lat' dir='ltr'>omnia</span> <span class='ocrx_word' id='word_1_109' title='bbox 1047 2199 1192 2272; x_wconf 81' lang='lat' dir='ltr'>abunde</span> <span class='ocrx_word' id='word_1_110' title='bbox 1214 2227 1296 2299; x_wconf 91' lang='lat' dir='ltr'>pro·</span> 
     </span>
     <span class='ocr_line' id='line_1_16' title="bbox 271 2324 1297 2420; baseline -0.002 -24"><span class='ocrx_word' id='word_1_111' title='bbox 271 2324 360 2396; x_wconf 86' lang='lat' dir='ltr'>bant</span> <span class='ocrx_word' id='word_1_112' title='bbox 389 2331 425 2393; x_wconf 94' lang='lat' dir='ltr'>in</span> <span class='ocrx_word' id='word_1_113' title='bbox 454 2329 626 2395; x_wconf 74' lang='lat' dir='ltr'>(latonem</span> <span class='ocrx_word' id='word_1_114' title='bbox 651 2347 758 2420; x_wconf 90' lang='lat' dir='ltr'>quam</span> <span class='ocrx_word' id='word_1_115' title='bbox 789 2329 942 2396; x_wconf 83' lang='lat' dir='ltr'>maxime</span> <span class='ocrx_word' id='word_1_116' title='bbox 967 2324 1093 2396; x_wconf 88' lang='lat' dir='ltr'>cadere</span> <span class='ocrx_word' id='word_1_117' title='bbox 1120 2329 1297 2397; x_wconf 88' lang='lat' dir='ltr'>Liciniani</span> 
     </span>
     <span class='ocr_line' id='line_1_17' title="bbox 272 2447 1299 2546; baseline 0 -26"><span class='ocrx_word' id='word_1_118' title='bbox 272 2447 616 2546; x_wconf 76' lang='lat' dir='ltr'>reprehensionem,¹</span> <span class='ocrx_word' id='word_1_119' title='bbox 634 2472 792 2544; x_wconf 82' lang='lat' dir='ltr'>euntque</span> <span class='ocrx_word' id='word_1_120' title='bbox 821 2447 948 2538; x_wconf 83' lang='lat' dir='ltr'>«loca,</span> <span class='ocrx_word' id='word_1_121' title='bbox 971 2464 1124 2538; x_wconf 85' lang='lat' dir='ltr'>montes,</span> <span class='ocrx_word' id='word_1_122' title='bbox 1147 2448 1299 2520; x_wconf 84' lang='lat' dir='ltr'>llumiua</span> 
     </span>
     <span class='ocr_line' id='line_1_18' title="bbox 273 2561 1347 2666; baseline 0.001 -24"><span class='ocrx_word' id='word_1_123' title='bbox 273 2586 308 2642; x_wconf 88' lang='lat' dir='ltr'>et</span> <span class='ocrx_word' id='word_1_124' title='bbox 329 2571 399 2642; x_wconf 88' lang='lat' dir='ltr'>hoc</span> <span class='ocrx_word' id='word_1_125' title='bbox 418 2595 530 2666; x_wconf 85' lang='lat' dir='ltr'>genus</span> <span class='ocrx_word' id='word_1_126' title='bbox 553 2569 623 2644; x_wconf 85' lang='lat' dir='ltr'>alia</span> <span class='ocrx_word' id='word_1_127' title='bbox 638 2575 674 2640; x_wconf 92' lang='lat' dir='ltr'>in</span> <span class='ocrx_word' id='word_1_128' title='bbox 691 2595 840 2641; x_wconf 85' lang='lat' dir='ltr'>censum</span> <span class='ocrx_word' id='word_1_129' title='bbox 859 2570 1045 2642; x_wconf 82' lang='lat' dir='ltr'>dedisse.»</span> <span class='ocrx_word' id='word_1_130' title='bbox 1070 2577 1198 2646; x_wconf 85' lang='lat' dir='ltr'>Utrum</span> <span class='ocrx_word' id='word_1_131' title='bbox 1215 2595 1298 2642; x_wconf 89' lang='lat' dir='ltr'>vero</span> <span class='ocrx_word' id='word_1_132' title='bbox 1345 2561 1347 2564; x_wconf 49' lang='grc'>’</span> 
     </span>
     <span class='ocr_line' id='line_1_19' title="bbox 273 2691 1299 2793; baseline 0.001 -30"><span class='ocrx_word' id='word_1_133' title='bbox 273 2706 389 2763; x_wconf 88' lang='lat' dir='ltr'>cetera</span> <span class='ocrx_word' id='word_1_134' title='bbox 410 2717 559 2788; x_wconf 85' lang='lat' dir='ltr'>quoque</span> <span class='ocrx_word' id='word_1_135' title='bbox 573 2691 640 2762; x_wconf 91' lang='lat' dir='ltr'>sibi</span> <span class='ocrx_word' id='word_1_136' title='bbox 658 2691 827 2782; x_wconf 84' lang='lat' dir='ltr'>vindicet,</span> <span class='ocrx_word' id='word_1_137' title='bbox 853 2709 889 2764; x_wconf 92' lang='lat' dir='ltr'>et</span> <span class='ocrx_word' id='word_1_138' title='bbox 920 2693 1076 2793; x_wconf 88' lang='lat' dir='ltr'>«culpet</span> <span class='ocrx_word' id='word_1_139' title='bbox 1098 2707 1299 2792; x_wconf 88' lang='lat' dir='ltr'>comparet·</span> 
     </span>
     <span class='ocr_line' id='line_1_20' title="bbox 273 2813 947 2914; baseline 0 -28"><span class='ocrx_word' id='word_1_140' title='bbox 273 2840 345 2914; x_wconf 92' lang='lat' dir='ltr'>quc</span> <span class='ocrx_word' id='word_1_141' title='bbox 358 2813 528 2901; x_wconf 87' lang='lat' dir='ltr'>dicendo,</span> <span class='ocrx_word' id='word_1_142' title='bbox 545 2845 562 2880; x_wconf 86' lang='lat'>»</span> <span class='ocrx_word' id='word_1_143' title='bbox 585 2841 684 2887; x_wconf 90' lang='lat' dir='ltr'>nunc</span> <span class='ocrx_word' id='word_1_144' title='bbox 700 2815 947 2913; x_wconf 70' lang='lat' dir='ltr'>quaerendum.</span> 
     </span>
    </p>

    <p class='ocr_par' dir='ltr' id='par_1_3' title="bbox 274 2937 1301 3159">
     <span class='ocr_line' id='line_1_21' title="bbox 321 2937 1297 3038; baseline 0.003 -28"><span class='ocrx_word' id='word_1_145' title='bbox 321 2941 556 3034; x_wconf 89' lang='lat' dir='ltr'>Quanquam,</span> <span class='ocrx_word' id='word_1_146' title='bbox 574 2952 663 3014; x_wconf 68' lang='lat' dir='ltr'>,teste</span> <span class='ocrx_word' id='word_1_147' title='bbox 676 2937 845 3035; x_wconf 83' lang='lat' dir='ltr'>Cornelio</span> <span class='ocrx_word' id='word_1_148' title='bbox 860 2954 968 3034; x_wconf 88' lang='lat' dir='ltr'>atque</span> <span class='ocrx_word' id='word_1_149' title='bbox 981 2944 1088 3010; x_wconf 87' lang='lat' dir='ltr'>etiam</span> <span class='ocrx_word' id='word_1_150' title='bbox 1102 2939 1219 3012; x_wconf 85' lang='lat' dir='ltr'>Plinio</span> <span class='ocrx_word' id='word_1_151' title='bbox 1232 2943 1297 3038; x_wconf 74' lang='lat'>(6),</span> 
     </span>
     <span class='ocr_line' id='line_1_22' title="bbox 274 3062 1301 3159; baseline 0.003 -27"><span class='ocrx_word' id='word_1_152' title='bbox 274 3067 534 3159; x_wconf 87' lang='lat' dir='ltr'>imperaturum</span> <span class='ocrx_word' id='word_1_153' title='bbox 559 3067 726 3150; x_wconf 88' lang='lat' dir='ltr'>nomina,</span> <span class='ocrx_word' id='word_1_154' title='bbox 756 3077 819 3132; x_wconf 90' lang='lat' dir='ltr'>aut</span> <span class='ocrx_word' id='word_1_155' title='bbox 844 3066 931 3132; x_wconf 90' lang='lat' dir='ltr'>mira</span> <span class='ocrx_word' id='word_1_156' title='bbox 956 3062 1112 3158; x_wconf 85' lang='lat' dir='ltr'>quadam</span> <span class='ocrx_word' id='word_1_157' title='bbox 1143 3063 1301 3135; x_wconf 83' lang='lat' dir='ltr'>hominis</span> 
     </span>
    </p>
   </div>
   <div class='ocr_carea' id='block_1_3' title="bbox 276 3182 1294 3285">
    <p class='ocr_par' dir='ltr' id='par_1_4' title="bbox 276 3182 1294 3285">
     <span class='ocr_line' id='line_1_23' title="bbox 276 3182 1294 3285; baseline 0.006 -31"><span class='ocrx_word' id='word_1_158' title='bbox 276 3184 409 3284; x_wconf 80' lang='lat' dir='ltr'>plebeii</span> <span class='ocrx_word' id='word_1_159' title='bbox 433 3200 467 3255; x_wconf 93' lang='lat' dir='ltr'>et</span> <span class='ocrx_word' id='word_1_160' title='bbox 481 3190 567 3255; x_wconf 88' lang='lat' dir='ltr'>novi</span> <span class='ocrx_word' id='word_1_161' title='bbox 591 3192 626 3255; x_wconf 91' lang='lat' dir='ltr'>iu</span> <span class='ocrx_word' id='word_1_162' title='bbox 648 3185 789 3256; x_wconf 89' lang='lat' dir='ltr'>nobiles</span> <span class='ocrx_word' id='word_1_163' title='bbox 805 3182 1021 3273; x_wconf 88' lang='lat' dir='ltr'>infensionc,</span> <span class='ocrx_word' id='word_1_164' title='bbox 1042 3201 1103 3259; x_wconf 87' lang='lat' dir='ltr'>aut</span> <span class='ocrx_word' id='word_1_165' title='bbox 1121 3194 1294 3285; x_wconf 90' lang='lat' dir='ltr'>quoniam</span> 
     </span>
    </p>
   </div>
   <div class='ocr_carea' id='block_1_4' title="bbox 275 3309 1299 3529">
    <p class='ocr_par' dir='ltr' id='par_1_5' title="bbox 275 3309 1299 3529">
     <span class='ocr_line' id='line_1_24' title="bbox 275 3309 1296 3411; baseline -0.002 -28"><span class='ocrx_word' id='word_1_166' title='bbox 275 3315 454 3411; x_wconf 79' lang='lat' dir='ltr'>praecipue</span> <span class='ocrx_word' id='word_1_167' title='bbox 476 3309 570 3382; x_wconf 90' lang='lat' dir='ltr'>bella</span> <span class='ocrx_word' id='word_1_168' title='bbox 588 3315 743 3381; x_wconf 88' lang='lat' dir='ltr'>recentia</span> <span class='ocrx_word' id='word_1_169' title='bbox 764 3326 798 3379; x_wconf 84' lang='lat' dir='ltr'>et</span> <span class='ocrx_word' id='word_1_170' title='bbox 818 3309 989 3380; x_wconf 84' lang='lat' dir='ltr'>omuibus</span> <span class='ocrx_word' id='word_1_171' title='bbox 1012 3327 1099 3382; x_wconf 82' lang='lat' dir='ltr'>neta</span> <span class='ocrx_word' id='word_1_172' title='bbox 1116 3312 1296 3401; x_wconf 88' lang='lat' dir='ltr'>narrabat,</span> 
     </span>
     <span class='ocr_line' id='line_1_25' title="bbox 279 3432 1299 3529; baseline 0.002 -25"><span class='ocrx_word' id='word_1_173' title='bbox 279 3432 481 3529; x_wconf 74' lang='lat' dir='ltr'>Originibus</span> <span class='ocrx_word' id='word_1_174' title='bbox 500 3432 691 3504; x_wconf 83' lang='lat' dir='ltr'>detraxerit</span> <span class='ocrx_word' id='word_1_175' title='bbox 710 3438 812 3521; x_wconf 82' lang='lat' dir='ltr'>Calc,</span> <span class='ocrx_word' id='word_1_176' title='bbox 834 3447 952 3505; x_wconf 88' lang='lat' dir='ltr'>tamen</span> <span class='ocrx_word' id='word_1_177' title='bbox 971 3458 1052 3504; x_wconf 89' lang='lat' dir='ltr'>enm</span> <span class='ocrx_word' id='word_1_178' title='bbox 1078 3459 1150 3504; x_wconf 89' lang='lat' dir='ltr'>non</span> <span class='ocrx_word' id='word_1_179' title='bbox 1173 3459 1247 3506; x_wconf 90' lang='lat' dir='ltr'>uno</span> <span class='ocrx_word' id='word_1_180' title='bbox 1263 3441 1299 3506; x_wconf 93' lang='lat' dir='ltr'>in</span> 
     </span>
    </p>
   </div>
   <div class='ocr_carea' id='block_1_5' title="bbox 311 3645 1267 4158">
    <p class='ocr_par' dir='ltr' id='par_1_6' title="bbox 313 3645 675 3717">
     <span class='ocr_line' id='line_1_26' title="bbox 313 3645 675 3717; baseline 0 -17"><span class='ocrx_word' id='word_1_181' title='bbox 313 3646 350 3717; x_wconf 87' lang='lat' dir='ltr'>(l)</span> <span class='ocrx_word' id='word_1_182' title='bbox 369 3645 529 3707; x_wconf 86' lang='lat' dir='ltr'>Priscianus,</span> <span class='ocrx_word' id='word_1_183' title='bbox 541 3647 576 3715; x_wconf 87' lang='lat' dir='ltr'>X,</span> <span class='ocrx_word' id='word_1_184' title='bbox 591 3651 617 3710; x_wconf 80' lang='lat'>8,</span> <span class='ocrx_word' id='word_1_185' title='bbox 634 3647 675 3701; x_wconf 76' lang='lat' dir='ltr'>tr.</span> 
     </span>
    </p>

    <p class='ocr_par' dir='ltr' id='par_1_7' title="bbox 311 3733 636 3806">
     <span class='ocr_line' id='line_1_27' title="bbox 311 3733 636 3806; baseline 0.012 -18"><span class='ocrx_word' id='word_1_186' title='bbox 311 3737 348 3802; x_wconf 57' lang='grc' dir='ltr'>(ἓ)</span> <span class='ocrx_word' id='word_1_187' title='bbox 367 3733 471 3790; x_wconf 85' lang='lat' dir='ltr'>Charis.</span> <span class='ocrx_word' id='word_1_188' title='bbox 484 3735 516 3803; x_wconf 92' lang='lat' dir='ltr'>ll,</span> <span class='ocrx_word' id='word_1_189' title='bbox 533 3751 560 3806; x_wconf 87' lang='lat' dir='ltr'>p.</span> <span class='ocrx_word' id='word_1_190' title='bbox 574 3737 636 3792; x_wconf 76' lang='lat' dir='ltr'>lat.</span> 
     </span>
    </p>

    <p class='ocr_par' dir='ltr' id='par_1_8' title="bbox 313 3822 679 3895">
     <span class='ocr_line' id='line_1_28' title="bbox 313 3822 679 3895; baseline 0.003 -21"><span class='ocrx_word' id='word_1_191' title='bbox 313 3823 351 3889; x_wconf 83' lang='grc'>(3)</span> <span class='ocrx_word' id='word_1_192' title='bbox 369 3822 446 3878; x_wconf 89' lang='lat' dir='ltr'>Serv.</span> <span class='ocrx_word' id='word_1_193' title='bbox 461 3823 560 3895; x_wconf 70' lang='lat' dir='ltr'>Georp.</span> <span class='ocrx_word' id='word_1_194' title='bbox 571 3825 604 3892; x_wconf 80' lang='grc' dir='ltr'>ΙΙ,</span> <span class='ocrx_word' id='word_1_195' title='bbox 619 3826 679 3880; x_wconf 70' lang='grc'><strong>459.</strong></span> 
     </span>
    </p>

    <p class='ocr_par' dir='ltr' id='par_1_9' title="bbox 314 3908 748 3980">
     <span class='ocr_line' id='line_1_29' title="bbox 314 3908 748 3980; baseline 0.009 -18"><span class='ocrx_word' id='word_1_196' title='bbox 314 3908 350 3978; x_wconf 79' lang='lat' dir='ltr'>(l)</span> <span class='ocrx_word' id='word_1_197' title='bbox 372 3909 465 3977; x_wconf 86' lang='lat' dir='ltr'>Varro,</span> <span class='ocrx_word' id='word_1_198' title='bbox 478 3908 510 3964; x_wconf 82' lang='lat' dir='ltr'>de</span> <span class='ocrx_word' id='word_1_199' title='bbox 522 3925 551 3964; x_wconf 86' lang='lat' dir='ltr'>re</span> <span class='ocrx_word' id='word_1_200' title='bbox 562 3917 631 3964; x_wconf 86' lang='lat' dir='ltr'>rust.</span> <span class='ocrx_word' id='word_1_201' title='bbox 652 3911 672 3980; x_wconf 91' lang='lat' dir='ltr'>l,</span> <span class='ocrx_word' id='word_1_202' title='bbox 685 3912 748 3968; x_wconf 74' lang='lat'><strong>257.</strong></span> 
     </span>
    </p>

    <p class='ocr_par' dir='ltr' id='par_1_10' title="bbox 313 3996 1267 4158">
     <span class='ocr_line' id='line_1_30' title="bbox 313 3996 1267 4076; baseline 0.005 -25"><span class='ocrx_word' id='word_1_203' title='bbox 313 3996 351 4067; x_wconf 88' lang='lat'>(5)</span> <span class='ocrx_word' id='word_1_204' title='bbox 369 3998 430 4053; x_wconf 88' lang='lat' dir='ltr'>Vid.</span> <span class='ocrx_word' id='word_1_205' title='bbox 443 3998 589 4068; x_wconf 83' lang='lat' dir='ltr'>Wagener.</span> <span class='ocrx_word' id='word_1_206' title='bbox 600 3999 635 4055; x_wconf 87' lang='lat' dir='ltr'>M.</span> <span class='ocrx_word' id='word_1_207' title='bbox 649 4000 734 4056; x_wconf 88' lang='lat' dir='ltr'>Porcii</span> <span class='ocrx_word' id='word_1_208' title='bbox 747 3999 854 4057; x_wconf 82' lang='lat' dir='ltr'>Catonis</span> <span class='ocrx_word' id='word_1_209' title='bbox 868 4001 944 4073; x_wconf 61' lang='lat' dir='ltr'>Oria.</span> <span class='ocrx_word' id='word_1_210' title='bbox 958 4000 1084 4074; x_wconf 70' lang='lat' dir='ltr'>{rapum</span> <span class='ocrx_word' id='word_1_211' title='bbox 1095 4017 1122 4070; x_wconf 85' lang='lat' dir='ltr'>a,</span> <span class='ocrx_word' id='word_1_212' title='bbox 1135 4019 1163 4076; x_wconf 89' lang='lat' dir='ltr'>p.</span> <span class='ocrx_word' id='word_1_213' title='bbox 1177 4002 1267 4057; x_wconf 64' lang='lat' dir='ltr'>lere.</span> 
     </span>
     <span class='ocr_line' id='line_1_31' title="bbox 314 4086 638 4158; baseline 0.012 -20"><span class='ocrx_word' id='word_1_214' title='bbox 314 4087 351 4156; x_wconf 72' lang='lat' dir='ltr'>ld)</span> <span class='ocrx_word' id='word_1_215' title='bbox 370 4087 440 4141; x_wconf 81' lang='lat' dir='ltr'>Hr&#39;st.</span> <span class='ocrx_word' id='word_1_216' title='bbox 455 4092 511 4141; x_wconf 83' lang='lat' dir='ltr'>nat.</span> <span class='ocrx_word' id='word_1_217' title='bbox 527 4086 596 4158; x_wconf 84' lang='lat' dir='ltr'>Vnt,</span> <span class='ocrx_word' id='word_1_218' title='bbox 612 4091 638 4142; x_wconf 83' lang='lat'>5.</span> 
     </span>
    </p>
   </div>
   <div class='ocr_carea' id='block_1_6' title="bbox 0 0 1510 4746">
    <p class='ocr_par' dir='ltr' id='par_1_11' title="bbox 0 0 1510 4746">
     <span class='ocr_line' id='line_1_32' title="bbox 0 0 1510 4746; baseline 0 0"><span class='ocrx_word' id='word_1_219' title='bbox 0 0 1510 4746; x_wconf 95' lang='lat' dir='ltr'> </span> 
     </span>
    </p>
   </div>
  </div>
 </body>
</html>
