2974 4746
685 475 844 538 ...211-

254 661 269 696 a
287 654 428 728 semper
442 629 603 702 mauebit
617 631 683 728 (r).
705 664 720 698 a
744 635 862 729 Atque
881 632 939 704 hic
957 630 1157 706 notandum
1171 639 1275 707 etiam

246 781 316 852 per
342 755 517 841 laborem,
544 781 615 854 per
633 758 866 854 voluptatem,
894 781 1004 853 quani
1030 756 1174 828 dicendi
1201 756 1275 828 sur·

252 905 345 952 mam
361 894 394 951 et
409 879 495 951 alibi
512 885 549 950 in
566 885 711 952 Catonis
725 877 932 978 fragmentis
947 894 981 950 et
999 879 1136 977 ubique
1151 886 1185 951 iu
1202 882 1276 954 Sal-

247 1003 355 1075 lustio
373 1009 546 1076 invenias.
558 1010 661 1077 Certe
675 1008 712 1073 iu
728 1007 891 1074 oratione
903 1003 1064 1096 desalst's
1072 1006 1273 1102 pugnum),

246 1132 334 1200 Cato
347 1134 392 1220 Q.
406 1128 546 1200 Thermi
562 1127 808 1200 crudelitatem
824 1132 1031 1222 gravissimo
1047 1133 1157 1198 animi
1175 1144 1275 1198 motu

247 1266 282 1321 et
299 1251 618 1323 vehementissimis
638 1251 756 1322 verbis
776 1250 986 1348 depingens,
1007 1252 1080 1324 haec
1095 1257 1166 1322 ait:
1187 1283 1202 1316 a
1220 1258 1276 1324 In-

249 1406 264 1439 «
294 1381 441 1472 signitas
471 1377 641 1471 injnrias,
669 1375 809 1474 plagas,
840 1373 1007 1460 verbera,
1035 1375 1180 1463 vibices,
1204 1381 1273 1462 vis,

249 1529 266 1564 <i
294 1498 439 1570 dolores
472 1514 582 1596 atque
609 1498 855 1590 carnificinae,
886 1524 955 1596 per
986 1499 1139 1570 dedecus
1168 1517 1276 1598 utque

249 1653 265 1687 u
292 1648 504 1692 rnaxunram
519 1621 785 1709 contumelium,
807 1637 840 1691 te
854 1619 969 1692 facere
987 1645 1115 1693 ausum
1134 1620 1229 1694 esse!
1255 1654 1271 1687 »

244 1751 286 1817 tr
309 1753 344 1816 iu
372 1752 537 1817 oratione
551 1770 683 1843 prose
705 1762 830 1817 contra
850 1749 891 1814 C.
918 1751 1076 1816 Cassium
1089 1745 1142 1842 (3)
1163 1771 1171 1813 :
1194 1777 1209 1811 κ
1232 1753 1289 1848 lu

248 1899 264 1933 α
286 1870 354 1940 hac
372 1869 680 1966 contumeliaquae
698 1868 1019 1966 mihiperltujusce
1032 1868 1275 1966 petulantium

248 2023 264 2058 «
284 1991 417 2066 lactum
429 2000 514 2078 itur,
529 2007 595 2063 etc.
613 2023 629 2058 n
645 2000 685 2066 Iu
697 1993 868 2064 Sallustio
881 2009 999 2065 autem
1015 2022 1022 2063 :
1038 2025 1054 2058 «
1068 1994 1276 2066 Inconsulte

244 2141 286 2187 ac
302 2117 411 2189 veluti
424 2143 499 2214 per
512 2117 725 2188 dementiam
744 2149 759 2182 n
777 2117 900 2212 (Cau,
918 2118 1001 2215 42);
1027 2117 1275 2190 «insolescere

240 2267 312 2337 per
333 2241 511 2312 licentt'am
537 2247 679 2314 animos
711 2241 903 2312 hominum
925 2272 941 2307 2>
963 2241 1076 2331 (Cat,
1097 2240 1156 2336 6);
1174 2273 1191 2306 2>
1208 2268 1277 2339 per

245 2367 470 2437 ambitionem
485 2365 694 2463 deliquere»
712 2366 831 2458 (thiu,
847 2372 927 2460 [inp
955 2391 1048 2462 «per
1062 2373 1193 2436 amicos
1206 2372 1273 2436 itu·

246 2489 453 2586 pedimenta
473 2489 648 2588 parabant
667 2521 683 2556 a
698 2493 810 2586 (lug,
827 2489 910 2584 4⁰l3
937 2515 1078 2586 «quum
1099 2504 1136 2560 tu
1158 2505 1191 2561 te
1206 2517 1277 2588 per

245 2613 420 2686 mollitiem
429 2637 511 2710 agas
527 2612 682 2710 »(Ibid.,
699 2613 759 2708 85)
771 2642 778 2698 ;
792 2644 808 2679 ιι
819 2637 937 2709 neque
945 2637 1012 2710 ego
1015 2639 1090 2710 per
1098 2620 1272 2710 ignavium

244 2753 307 2807 utu
328 2764 419 2808 vona
434 2743 576 2834 ingenia
591 2743 725 2808 incerta
741 2762 806 2834 pro
817 2742 921 2807 certis
935 2751 1142 2835 captarem»
1157 2737 1270 2832 (Cat,

218 2879 220 2885 ’
248 2849 330 2958 ao);
351 2876 386 2932 et
402 2860 579 2960 permulta
597 2859 666 2932 alia
681 2859 845 2959 exempla
866 2875 992 2958 praesto
1008 2873 1105 2930 sunt.

293 2991 381 3056 Cato
400 2989 437 3055 iu
453 2990 617 3056 oratione
635 2985 681 3054 de
693 3001 838 3082 sumptu
848 3009 936 3056 suo:
953 2984 1097 3055 «videte
1109 3009 1179 3081 quo
1195 2983 1271 3056 loco

191 3168 193 3171 .
246 3107 448 3206 respublica
456 3114 520 3179 siet
528 3109 539 3181 i
543 3109 592 3202 4);
608 3139 624 3173 t)
633 3107 949 3180 Sallustiusautem
963 3135 969 3177 :
987 3113 1123 3205 «quoin
1132 3107 1208 3179 loco
1217 3131 1272 3178 res

244 3247 373 3304 nostrae
381 3237 450 3302 siut
459 3263 476 3297 »
489 3233 604 3326 (Cat,
616 3230 691 3327 58);
706 3231 828 3301 «locus
837 3246 985 3328 peccato
994 3236 1023 3301 si
1033 3245 1124 3302 esset
1133 3261 1149 3296 »
1159 3230 1267 3325 (Ibe'cl,

243 3356 319 3450 42);
338 3353 476 3424 «locum
490 3352 683 3424 invadendi
694 3378 875 3450 quaererea
893 3352 985 3451 (lug.
1001 3351 1077 3449 85).
1095 3359 1193 3451 lpsas
1208 3377 1271 3424 vo·

243 3505 300 3549 ces
308 3504 380 3576 per
395 3477 477 3547 deus
488 3475 709 3570 immortalis,
720 3479 826 3571 cujus
837 3501 964 3572 magua
979 3484 1014 3547 in
1026 3476 1195 3548 Sallustio
1215 3501 1273 3548 co-

242 3607 300 3700 pia
317 3616 382 3688 est,
397 3627 486 3685 vero,
505 3627 550 3671 eu
562 3626 654 3688 nero,
667 3606 771 3697 quasi
788 3625 880 3686 nera,
895 3607 1202 3684 verumenimvem,
1217 3625 1271 3670 me

276 3851 312 3914 (l)
334 3847 411 3903 Orat.
422 3865 505 3920 quam
515 3846 587 3901 dixu
600 3845 758 3900 Numantia
767 3845 803 3900 ud
816 3849 926 3919 equites,
937 3845 1048 3912 Gallim,
1065 3844 1137 3911 xvl,
1155 3845 1178 3897 Ι.

279 3941 315 4003 (2)
333 3937 445 4004 Gellius,
462 3937 499 4000 X,
510 3939 535 3990 3.

276 4025 313 4095 (3)
332 4025 444 4092 Gellius,
460 4025 496 4092 X,
512 4026 553 4079 li.

276 4117 311 4184 il)
329 4115 418 4170 Frnnl.
431 4115 518 4186 Epist.
528 4115 564 4168 ad
578 4117 754 4181 Antoninum,
771 4115 796 4183 l,
811 4120 837 4170 l.

1473 2083 1475 2232 l
