2974 4746
670 433 827 496 ...ὀμ-

236 609 342 684 «que
362 583 470 660 rebus
494 592 736 686 gratissimum
764 587 800 660 id
825 589 905 686 ejus
927 583 1062 662 factum
1088 583 1259 662 habuere.

236 714 315 782 «At
338 710 487 786 tribuno
504 712 659 788 miiitum
680 739 787 812 parva
814 713 892 788 iaus
919 738 985 812 pro
1006 711 1110 787 factis
1124 711 1260 803 relicta,

237 865 253 900 c
271 840 337 933 qui
358 835 452 910 idem
474 835 606 909 fecerat
625 854 829 937 atquerem
848 852 1058 908 servaverat.
1077 869 1094 904 »
1126 842 1176 910 Ea
1198 853 1268 910 uu*

234 972 304 1032 tem
323 986 396 1032 nun
416 967 493 1051 siue
511 961 636 1060 aliquo
651 967 763 1034 animi
777 961 957 1034 dolor-eet
967 967 1110 1033 Graeciae
1125 961 1266 1034 obtrec-

235 1087 370 1159 tatione
382 1089 526 1182 scripta.
539 1090 748 1158 meminerat
764 1109 851 1156 sane
865 1084 1072 1172 Sallustius,
1094 1109 1208 1180 quum
1226 1090 1266 1154 iu·

234 1205 388 1295 Catilina
409 1209 461 1305 (r)
490 1215 539 1280 ite
563 1208 762 1281 disserebat
779 1238 787 1280 ε
805 1241 825 1310 Ιιι
848 1210 914 1282 Sed
933 1209 1095 1309 profecto
1117 1209 1263 1280 fortuna

158 1373 161 1382 ·
237 1361 253 1396 a
269 1336 319 1434 “iu
335 1337 439 1423 omiti
452 1357 488 1403 m
504 1333 714 1404 dominatur
726 1361 735 1420 3
747 1357 787 1405 ea
808 1359 863 1405 res
880 1350 1027 1406 cunctas
1040 1358 1082 1405 ex
1098 1332 1267 1404 lubidine

237 1485 254 1520 a
285 1460 399 1551 magis
418 1479 528 1551 quarn
543 1481 585 1527 ex
599 1481 685 1528 vero
698 1455 855 1528 celebrat
874 1457 1129 1554 obser-iretque.
1155 1457 1263 1528 Athe·

236 1606 260 1643 (ο
280 1583 459 1650 niensium
477 1603 531 1650 res
543 1594 663 1676 gestae,
686 1585 791 1652 sicuti
808 1605 875 1679 ego
895 1597 1064 1667 austrude,
1081 1586 1261 1651 satisam-
1321 1627 1323 1630 -

236 1731 253 1768 α
283 1701 350 1800 ptae
367 1701 637 1802 magnificaeque
657 1703 823 1793 fr.1eruut;
843 1729 966 1779 verum
982 1704 1170 1804 aliquante
1196 1710 1268 1773 mi:

237 1855 254 1890 «
281 1851 387 1898 nores
426 1841 546 1900 tamen
583 1851 692 1924 quam
732 1827 826 1900 sema
863 1827 1041 1899 feruutur.
1076 1826 1268 1922 Sed'quiet

236 1979 253 2016 «
278 1929 544 2047 prevenere'ibi
565 1956 784 2050 scriptorum
800 1974 926 2048 magna
943 1957 1099 2049 ingenia,
1115 1975 1179 2048 per
1192 1967 1263 2022 ter-

238 2102 255 2136 «
284 2097 404 2144 rarum
425 2073 550 2146 orbem
578 2076 850 2146 Atheniensium
873 2073 966 2147 secta
995 2097 1065 2173 pro·
1086 2079 1267 2146 maxumis

239 2225 255 2259 α
285 2195 527 2284 celebrantur.
544 2201 596 2267 lta
614 2221 741 2268 eorum
760 2204 823 2295 qui
843 2221 885 2268 ea
898 2196 1013 2270 iecere
1035 2211 1134 2268 tauta
1154 2202 1269 2267 virtus

238 2348 255 2383 α
283 2318 462 2410 habetem.
486 2335 665 2416 quantum
691 2321 810 2392 verbis
841 2345 881 2391 ea
905 2336 1067 2420 potuere
1093 2319 1265 2390 extollere

206 2451 207 2455 ’
239 2471 257 2510 α
285 2443 453 2540 praeclara
470 2449 624 2539 ingenia.
637 2444 821 2542 dtpopuli
837 2449 993 2516 Romani
1013 2467 1204 2540 nunquam
1223 2467 1264 2514 ea

239 2593 256 2630 κ
285 2563 483 2663 eopiasuit,
499 2572 585 2664 quia
602 2567 1265 2664 prudentissumusquisquemaxume
1344 2547 1347 2556 ’

237 2717 254 2752 «
285 2692 494 2784 negotiosus
515 2705 616 2777 crat3
643 2705 816 2788 optumus
837 2696 993 2788 quisque
1013 2689 1133 2762 secere
1153 2709 1262 2787 quam

238 2838 255 2874 «
284 2809 415 2900 dicere,
437 2820 501 2884 sua
515 2811 562 2884 ab
582 2811 662 2884 aliis
689 2811 875 2904 benefacta
897 2811 1037 2884 laudari
1060 2835 1171 2909 quam
1182 2817 1264 2910 ipse

238 2963 257 2996 e
284 2933 441 3007 aliorum
457 2959 602 3008 narrare
618 2935 785 3006 malebat.
817 2967 834 3002 n
856 2997 859 3002 .

285 3061 382 3157 Num
394 3071 513 3128 etitem
529 3065 712 3155 Originum
729 3064 883 3158 scriptor
900 3063 1006 3130 etiam
1021 3058 1228 3129 oratoribus
1244 3083 1264 3130 a

235 3178 428 3252 Liciniano
447 3181 603 3254 adscribi
624 3189 793 3280 potuerit,
816 3189 964 3253 minime
978 3182 1149 3273 dubium,
1168 3207 1263 3278 quo··

237 3308 333 3376 uiam
344 3309 540 3391 orationes,
551 3312 626 3377 imo
636 3306 683 3379 ab
695 3313 773 3405 ipso
790 3306 941 3398 babitus,
954 3307 1083 3377 solitus
1093 3304 1263 3392 tuerere

236 3427 307 3528 bus
316 3435 571 3502 intermiscere.
585 3430 828 3503 Pulcherrima
837 3431 1074 3529 certeiliapru
1085 3431 1265 3502 erodr'em

234 3553 1265 3652 sibrrsoratimtantavietspirituetsubtimitate,simulsele

236 3690 270 3747 et
283 3677 476 3750 acerbitate
493 3683 616 3767 mixta,
628 3688 776 3750 auctore
788 3677 906 3751 Gellio
922 3679 987 3772 (a),
1006 3703 1080 3749 non
1101 3702 1262 3750 seorsum

271 3988 307 4053 (t)
326 4003 350 4041 c.
365 3990 390 4042 8.

212 4097 216 4104 ·
272 4078 309 4149 (Ξ)
328 4078 385 4149 vll,
401 4084 429 4136 3.
