2974 4746
673 459 832 526 ...212-

239 639 317 690 cere
344 615 416 716 (1),
452 627 624 716 tanquam
649 615 709 692 illa
732 622 886 718 pessima
911 621 1077 692 omnium·
1100 619 1145 691 sit
1168 641 1275 692 usur·

241 739 352 842 pandi
368 746 432 815 otii
448 748 551 815 ratio.
749 729 753 734 ¹

287 869 454 966 Superest
477 868 584 939 etiam
614 893 686 941 una
710 893 813 968 pars,
844 892 918 967 qua
943 873 1089 941 Catonis
1109 882 1144 940 et
1167 871 1271 940 Marii

240 989 349 1062 verba
358 990 513 1064 conferri
524 1007 689 1092 possunt.
702 995 863 1090 Uterque
876 997 972 1064 enim
986 991 1031 1063 de
1042 989 1271 1063 orationibus

240 1137 331 1213 quas
351 1115 522 1188 adversus
549 1120 670 1216 ipsum
693 1117 884 1190 habebunt
903 1121 958 1188 sui
980 1115 1172 1188 adversarii
1195 1142 1267 1187 nou

240 1243 318 1312 s'inc
331 1255 540 1339 contemptu
554 1237 730 1338 loquitur,
747 1245 796 1313 ita
813 1255 852 1312 nt
868 1257 990 1312 tamen
1006 1244 1142 1312 Marius
1156 1245 1271 1338 ipsam

240 1361 487 1460 eloquentiam
511 1361 698 1461 dedignari
724 1389 761 1435 se
786 1363 1010 1463 profiteatur,
1039 1369 1127 1435 Cato
1152 1376 1272 1433 autem

241 1491 400 1585 captiosa
431 1499 573 1558 tantum
603 1485 712 1558 verba
741 1501 775 1579 et
806 1503 918 1558 artem
940 1500 1077 1558 arceto
1102 1487 1274 1583 justoque

242 1609 420 1681 detortam
446 1609 611 1682 videatur
638 1610 797 1683 fastidire
824 1639 832 1682 :
862 1643 878 1677 a
905 1609 1080 1707 Equidem
1109 1634 1176 1706 ego
1200 1635 1273 1681 non

245 1763 262 1798 «
290 1737 433 1830 ignoro,
456 1738 485 1804 si
507 1733 581 1830 jam
598 1734 816 1833 respondere
835 1733 965 1824 velint,
982 1709 1130 1805 abunde
1149 1732 1275 1804 illisfa·

134 1881 135 1884 ¹
245 1885 264 1924 α
291 1857 447 1930 condam
458 1873 492 1928 et
503 1864 739 1956 compositam
751 1863 953 1930 orationem
967 1857 1055 1929 fore.
1072 1858 1137 1930 Sed
1153 1863 1189 1928 in
1205 1882 1275 1929 ma-

243 2011 264 2049 n
292 2007 403 2054 xumo
424 1999 546 2054 vostro
569 1981 748 2055 beneficio
772 2009 846 2053 nou
870 1983 1007 2082 placuit
1032 1987 1198 2072 reticere,
1229 2007 1276 2054 ne

247 2137 264 2173 a
292 2113 375 2205 quis
398 2104 611 2179 modestiam
646 2111 684 2178 in
710 2111 970 2179 conscientiam
996 2105 1156 2178 duceret.
1188 2135 1205 2170 n
1235 2109 1277 2176 Et

206 2217 211 2228 ⁸
245 2230 360 2328 ¹paulo
373 2229 490 2303 infra:
511 2259 528 2297 a
547 2237 629 2304 Non
651 2247 735 2303 sunt
754 2236 956 2330 composita
974 2230 1082 2302 verba
1098 2254 1197 2302 mea:
1215 2253 1276 2329 pa·

247 2367 264 2418 a
278 2375 360 2424 rum
376 2351 410 2424 id
427 2351 534 2425 facio.
555 2357 680 2450 Neque
696 2353 829 2426 litteras
845 2376 974 2450 graecas
989 2351 1100 2424 didici
1116 2379 1125 2442 3
1148 2375 1275 2453 [aarum

248 2475 443 2574 «placebat
458 2501 517 2548 eas
529 2476 679 2568 discere,
694 2470 839 2576 'qnippe
854 2501 935 2574 quae
950 2475 994 2547 ad
1012 2480 1179 2548 virtutem
1195 2476 1278 2548 doc-

248 2599 417 2672 «toribus
438 2601 526 2672 nihil
550 2599 778 2700 profuerunt.
794 2631 810 2666 a
822 2605 911 2673 Cato
929 2613 1049 2672 autem
1065 2599 1118 2699 (2)
1137 2627 1144 2671 :
1162 2631 1177 2666 a
1196 2605 1276 2673 Scio

249 2748 341 2821 «ego
360 2749 441 2822 quae
458 2731 589 2823 scripta
608 2731 732 2796 suntsi
751 2723 867 2823 palam
882 2721 1124 2822 proferantur,
1144 2723 1278 2794 multos

250 2961 333 3034 «dis
352 2980 514 3062 expertes
529 2980 624 3035 sunt.
649 2969 723 3062 Ego
738 2985 864 3036 eorum
888 2969 1070 3035 orationes
1087 2969 1169 3035 sino
1188 2989 1276 3063 praa

249 3085 486 3158 sterilitate.»

296 3215 370 3284 Nec
386 3224 524 3282 tantum
543 3233 623 3307 quae
644 3216 681 3282 in
697 3217 862 3283 oratione
883 3217 986 3283 Marii
1006 3235 1115 3309 supra
1136 3208 1281 3282 laudata

247 3350 333 3406 sunt
364 3339 510 3407 Catonis
545 3339 738 3407 sententias
770 3341 806 3406 in
845 3341 1057 3408 memoriam
1095 3349 1278 3406 revocant.

246 3463 369 3550 Quunr
384 3465 481 3559 enim
496 3459 670 3532 exclamat
684 3465 739 3529 vir
753 3463 963 3557 Arpinensis
979 3487 988 3530 z
1008 3459 1170 3531 «Falsam
1189 3459 1281 3554 (ora-
1380 3473 1381 3478 ’

251 3584 417 3679 tionem)
443 3588 515 3659 vita
536 3607 727 3682 moresque
754 3587 822 3653 mei
842 3597 1027 3681 superant,
1046 3611 1063 3648 r
1093 3581 1189 3654 subit
1208 3587 1282 3653 ani-

283 3859 321 3930 (tl
340 3858 369 3914 C.
386 3862 412 3914 2.
428 3861 503 3916 «Per
518 3859 609 3926 ferias,
625 3858 743 3930 potuisse
757 3859 842 3914 fossas
855 3864 963 3913 veteres
975 3858 1088 3929 tergori,
1107 3857 1180 3913 viam
1197 3857 1284 3931 publi·

248 3963 307 4004 cam
319 3948 428 4018 muniri,
439 3963 537 4021 vepres
550 3947 641 4018 recidi,
655 3946 761 4004 hortum
776 3945 862 4013 fodiri,
875 3952 983 4020 pratum
993 3947 1114 4020 purgari,
1124 3947 1214 4018 virgas
1227 3945 1283 3999 vin·

146 4065 159 4082 ·
247 4037 307 4107 uiri,
322 4038 414 4111 spinas
426 4038 541 4105 runcari,
563 4036 665 4109 expinsi
681 4035 733 4106 iar,
746 4035 896 4092 munditias
909 4037 978 4109 fieri.
993 4055 1006 4088 u

284 4131 320 4196 (a)
339 4127 405 4184 Plin.
421 4129 488 4184 Hist.
503 4134 561 4182 nat.
577 4126 681 4200 praelat.
693 4128 738 4184 at.
