<?xml version="1.0" encoding="UTF-8"?>
<!DOCTYPE html PUBLIC "-//W3C//DTD XHTML 1.0 Transitional//EN"
    "http://www.w3.org/TR/xhtml1/DTD/xhtml1-transitional.dtd">
<html xmlns="http://www.w3.org/1999/xhtml" xml:lang="en" lang="en">
 <head>
  <title>
</title>
<meta http-equiv="Content-Type" content="text/html;charset=utf-8" />
  <meta name='ocr-system' content='tesseract 3.04.00' />
  <meta name='ocr-capabilities' content='ocr_page ocr_carea ocr_par ocr_line ocrx_word'/>
</head>
<body>
  <div class='ocr_page' id='page_1' title='image "./desallustiocato00deltgoog_0094.png"; bbox 0 0 2974 4746; ppageno 0'>
   <div class='ocr_carea' id='block_1_1' title="bbox 632 430 790 486">
    <p class='ocr_par' dir='ltr' id='par_1_1' title="bbox 632 430 790 486">
     <span class='ocr_line' id='line_1_1' title="bbox 632 430 790 486; baseline 0.006 -16"><span class='ocrx_word' id='word_1_1' title='bbox 632 430 725 486; x_wconf 71' lang='lat'><strong>..31</strong></span> <span class='ocrx_word' id='word_1_2' title='bbox 745 449 790 471; x_wconf 90' lang='lat'><strong>-..</strong></span> 
     </span>
    </p>
   </div>
   <div class='ocr_carea' id='block_1_2' title="bbox 170 585 1325 2422">
    <p class='ocr_par' dir='ltr' id='par_1_2' title="bbox 178 585 1227 1156">
     <span class='ocr_line' id='line_1_2' title="bbox 194 585 1225 684; baseline 0.003 -28"><span class='ocrx_word' id='word_1_3' title='bbox 194 585 1225 684; x_wconf 78' lang='lat' dir='ltr'><strong>latrunQunreSallustiumThucydidisstudiosissiuurnr</strong></span> 
     </span>
     <span class='ocr_line' id='line_1_3' title="bbox 196 709 1227 800; baseline 0.002 -20"><span class='ocrx_word' id='word_1_4' title='bbox 196 710 524 800; x_wconf 83' lang='lat' dir='ltr'><strong>luisseconcedntn,</strong></span> <span class='ocrx_word' id='word_1_5' title='bbox 540 709 599 782; x_wconf 81' lang='lat' dir='ltr'><strong>sed</strong></span> <span class='ocrx_word' id='word_1_6' title='bbox 619 715 665 782; x_wconf 86' lang='lat' dir='ltr'><strong>ita</strong></span> <span class='ocrx_word' id='word_1_7' title='bbox 685 728 803 783; x_wconf 83' lang='lat' dir='ltr'><strong>tamen</strong></span> <span class='ocrx_word' id='word_1_8' title='bbox 821 727 861 783; x_wconf 89' lang='lat' dir='ltr'><strong>ut:</strong></span> <span class='ocrx_word' id='word_1_9' title='bbox 876 710 1120 784; x_wconf 70' lang='lat' dir='ltr'>concludatur</span> <span class='ocrx_word' id='word_1_10' title='bbox 1142 737 1227 784; x_wconf 84' lang='lat' dir='ltr'><strong>etun</strong></span> 
     </span>
     <span class='ocr_line' id='line_1_4' title="bbox 195 835 1227 932; baseline 0.002 -29"><span class='ocrx_word' id='word_1_11' title='bbox 195 835 312 905; x_wconf 79' lang='lat' dir='ltr'><strong>inulto</strong></span> <span class='ocrx_word' id='word_1_12' title='bbox 331 840 454 932; x_wconf 82' lang='lat' dir='ltr'><strong>tnagis,</strong></span> <span class='ocrx_word' id='word_1_13' title='bbox 470 850 504 907; x_wconf 88' lang='lat' dir='ltr'><strong>et</strong></span> <span class='ocrx_word' id='word_1_14' title='bbox 524 840 560 905; x_wconf 87' lang='lat' dir='ltr'><strong>in</strong></span> <span class='ocrx_word' id='word_1_15' title='bbox 586 839 762 923; x_wconf 81' lang='lat' dir='ltr'><strong>(untione,</strong></span> <span class='ocrx_word' id='word_1_16' title='bbox 784 851 819 906; x_wconf 84' lang='lat' dir='ltr'><strong>et.</strong></span> <span class='ocrx_word' id='word_1_17' title='bbox 843 842 879 907; x_wconf 93' lang='lat' dir='ltr'><strong>iu</strong></span> <span class='ocrx_word' id='word_1_18' title='bbox 900 841 1110 921; x_wconf 79' lang='lat' dir='ltr'><strong>sententiis,</strong></span> <span class='ocrx_word' id='word_1_19' title='bbox 1131 850 1165 905; x_wconf 86' lang='lat' dir='ltr'><strong>et</strong></span> <span class='ocrx_word' id='word_1_20' title='bbox 1190 841 1227 906; x_wconf 92' lang='lat' dir='ltr'><strong>in</strong></span> 
     </span>
     <span class='ocr_line' id='line_1_5' title="bbox 178 958 1226 1056; baseline 0.001 -27"><span class='ocrx_word' id='word_1_21' title='bbox 178 958 362 1030; x_wconf 82' lang='lat' dir='ltr'><strong>civilibus</strong></span> <span class='ocrx_word' id='word_1_22' title='bbox 387 959 553 1029; x_wconf 79' lang='lat' dir='ltr'>sensibus</span> <span class='ocrx_word' id='word_1_23' title='bbox 590 960 819 1056; x_wconf 81' lang='lat' dir='ltr'><strong>lristdriaequc</strong></span> <span class='ocrx_word' id='word_1_24' title='bbox 849 965 1010 1048; x_wconf 78' lang='lat' dir='ltr'><strong>ratione,</strong></span> <span class='ocrx_word' id='word_1_25' title='bbox 1047 966 1226 1030; x_wconf 80' lang='lat' dir='ltr'><strong>Catonern</strong></span> 
     </span>
     <span class='ocr_line' id='line_1_6' title="bbox 195 1083 369 1156; baseline 0.023 -4"><span class='ocrx_word' id='word_1_26' title='bbox 195 1083 369 1156; x_wconf 85' lang='lat' dir='ltr'><strong>retulisse.</strong></span> 
     </span>
    </p>

    <p class='ocr_par' dir='ltr' id='par_1_3' title="bbox 170 1207 1325 2422">
     <span class='ocr_line' id='line_1_7' title="bbox 243 1207 1229 1306; baseline 0.003 -29"><span class='ocrx_word' id='word_1_27' title='bbox 243 1207 340 1298; x_wconf 85' lang='lat' dir='ltr'><strong>Quid</strong></span> <span class='ocrx_word' id='word_1_28' title='bbox 366 1208 534 1280; x_wconf 71' lang='lat' dir='ltr'><strong>Sallustio</strong></span> <span class='ocrx_word' id='word_1_29' title='bbox 560 1215 723 1282; x_wconf 86' lang='lat' dir='ltr'><strong>nocuerit</strong></span> <span class='ocrx_word' id='word_1_30' title='bbox 746 1209 805 1280; x_wconf 82' lang='lat' dir='ltr'><strong>itta</strong></span> <span class='ocrx_word' id='word_1_31' title='bbox 831 1214 996 1298; x_wconf 82' lang='lat' dir='ltr'><strong>inritati0,</strong></span> <span class='ocrx_word' id='word_1_32' title='bbox 1014 1209 1087 1303; x_wconf 78' lang='lat' dir='ltr'><strong>juin</strong></span> <span class='ocrx_word' id='word_1_33' title='bbox 1111 1234 1178 1306; x_wconf 83' lang='lat' dir='ltr'><strong>sup</strong></span> <span class='ocrx_word' id='word_1_34' title='bbox 1193 1235 1229 1280; x_wconf 83' lang='lat' dir='ltr'><strong>ru</strong></span> 
     </span>
     <span class='ocr_line' id='line_1_8' title="bbox 195 1331 1230 1432; baseline 0.001 -31"><span class='ocrx_word' id='word_1_35' title='bbox 195 1331 348 1421; x_wconf 82' lang='lat' dir='ltr'><strong>dictum,</strong></span> <span class='ocrx_word' id='word_1_36' title='bbox 369 1337 541 1430; x_wconf 69' lang='lat' dir='ltr'><strong>quonian]</strong></span> <span class='ocrx_word' id='word_1_37' title='bbox 563 1332 676 1404; x_wconf 82' lang='lat' dir='ltr'><strong>inulta</strong></span> <span class='ocrx_word' id='word_1_38' title='bbox 694 1337 728 1404; x_wconf 89' lang='lat' dir='ltr'><strong>in</strong></span> <span class='ocrx_word' id='word_1_39' title='bbox 743 1333 821 1430; x_wconf 87' lang='lat' dir='ltr'><strong>ejus</strong></span> <span class='ocrx_word' id='word_1_40' title='bbox 835 1337 975 1432; x_wconf 81' lang='lat' dir='ltr'><strong>scriptis</strong></span> <span class='ocrx_word' id='word_1_41' title='bbox 995 1331 1086 1404; x_wconf 84' lang='lat' dir='ltr'><strong>facta</strong></span> <span class='ocrx_word' id='word_1_42' title='bbox 1110 1337 1230 1428; x_wconf 78' lang='lat' dir='ltr'><strong>magis</strong></span> 
     </span>
     <span class='ocr_line' id='line_1_9' title="bbox 196 1454 1325 1555; baseline -0.001 -29"><span class='ocrx_word' id='word_1_43' title='bbox 196 1481 304 1552; x_wconf 84' lang='lat' dir='ltr'><strong>quarn</strong></span> <span class='ocrx_word' id='word_1_44' title='bbox 320 1471 414 1545; x_wconf 79' lang='lat' dir='ltr'><strong>uota,</strong></span> <span class='ocrx_word' id='word_1_45' title='bbox 427 1454 663 1529; x_wconf 89' lang='lat' dir='ltr'><strong>etcousilium</strong></span> <span class='ocrx_word' id='word_1_46' title='bbox 678 1462 917 1555; x_wconf 82' lang='lat' dir='ltr'><strong>potiusquam</strong></span> <span class='ocrx_word' id='word_1_47' title='bbox 934 1455 1055 1527; x_wconf 82' lang='lat' dir='ltr'><strong>liberae</strong></span> <span class='ocrx_word' id='word_1_48' title='bbox 1072 1461 1232 1552; x_wconf 72' lang='lat' dir='ltr'><strong>integru-</strong></span> <span class='ocrx_word' id='word_1_49' title='bbox 1319 1485 1325 1496; x_wconf 94' lang='lat'><em>·</em></span> 
     </span>
     <span class='ocr_line' id='line_1_10' title="bbox 195 1567 1231 1682; baseline -0.003 -32"><span class='ocrx_word' id='word_1_50' title='bbox 195 1605 268 1677; x_wconf 89' lang='lat' dir='ltr'><strong>que</strong></span> <span class='ocrx_word' id='word_1_51' title='bbox 286 1567 421 1652; x_wconf 80' lang='lat' dir='ltr'><strong>uaturae</strong></span> <span class='ocrx_word' id='word_1_52' title='bbox 437 1586 610 1682; x_wconf 84' lang='lat' dir='ltr'><strong>impeturn</strong></span> <span class='ocrx_word' id='word_1_53' title='bbox 633 1579 836 1678; x_wconf 73' lang='lat' dir='ltr'><strong>prodentia,</strong></span> <span class='ocrx_word' id='word_1_54' title='bbox 859 1580 971 1652; x_wconf 87' lang='lat' dir='ltr'><strong>multa</strong></span> <span class='ocrx_word' id='word_1_55' title='bbox 990 1584 1100 1652; x_wconf 82' lang='lat' dir='ltr'><strong>uirniu</strong></span> <span class='ocrx_word' id='word_1_56' title='bbox 1126 1595 1162 1649; x_wconf 84' lang='lat' dir='ltr'><strong>et</strong></span> <span class='ocrx_word' id='word_1_57' title='bbox 1180 1587 1231 1647; x_wconf 89' lang='lat' dir='ltr'><strong>vi-</strong></span> 
     </span>
     <span class='ocr_line' id='line_1_11' title="bbox 170 1703 1233 1795; baseline -0.003 -20"><span class='ocrx_word' id='word_1_58' title='bbox 170 1791 172 1795; x_wconf 15' lang='lat'><strong>,</strong></span> <span class='ocrx_word' id='word_1_59' title='bbox 198 1729 278 1775; x_wconf 83' lang='lat' dir='ltr'><strong>runt</strong></span> <span class='ocrx_word' id='word_1_60' title='bbox 295 1729 337 1776; x_wconf 84' lang='lat' dir='ltr'><strong>ex</strong></span> <span class='ocrx_word' id='word_1_61' title='bbox 352 1710 474 1776; x_wconf 84' lang='lat' dir='ltr'><strong>nninto</strong></span> <span class='ocrx_word' id='word_1_62' title='bbox 487 1704 702 1776; x_wconf 79' lang='lat' dir='ltr'><strong>scribentem</strong></span> <span class='ocrx_word' id='word_1_63' title='bbox 716 1707 836 1776; x_wconf 85' lang='lat' dir='ltr'><strong>rninus</strong></span> <span class='ocrx_word' id='word_1_64' title='bbox 854 1703 1016 1775; x_wconf 89' lang='lat' dir='ltr'><strong>decentia</strong></span> <span class='ocrx_word' id='word_1_65' title='bbox 1034 1728 1233 1774; x_wconf 87' lang='lat' dir='ltr'><strong>occurrere</strong></span> 
     </span>
     <span class='ocr_line' id='line_1_12' title="bbox 196 1827 1231 1926; baseline -0.001 -28"><span class='ocrx_word' id='word_1_66' title='bbox 196 1829 366 1924; x_wconf 79' lang='lat' dir='ltr'><strong>judicavi.</strong></span> <span class='ocrx_word' id='word_1_67' title='bbox 380 1827 621 1900; x_wconf 83' lang='lat' dir='ltr'><strong>Gnudcudtun</strong></span> <span class='ocrx_word' id='word_1_68' title='bbox 634 1844 754 1900; x_wconf 84' lang='lat' dir='ltr'><strong>autern</strong></span> <span class='ocrx_word' id='word_1_69' title='bbox 766 1827 864 1926; x_wconf 84' lang='lat' dir='ltr'><strong>qnod</strong></span> <span class='ocrx_word' id='word_1_70' title='bbox 880 1853 954 1899; x_wconf 91' lang='lat' dir='ltr'><strong>nou</strong></span> <span class='ocrx_word' id='word_1_71' title='bbox 972 1834 1147 1925; x_wconf 82' lang='lat' dir='ltr'><strong>cuiquam</strong></span> <span class='ocrx_word' id='word_1_72' title='bbox 1166 1834 1231 1897; x_wconf 84' lang='lat' dir='ltr'><strong>iur-</strong></span> 
     </span>
     <span class='ocr_line' id='line_1_13' title="bbox 199 1951 1235 2050; baseline 0.001 -29"><span class='ocrx_word' id='word_1_73' title='bbox 199 1977 296 2050; x_wconf 82' lang='lat' dir='ltr'><strong>pnne</strong></span> <span class='ocrx_word' id='word_1_74' title='bbox 309 1951 409 2024; x_wconf 84' lang='lat' dir='ltr'><strong>licent</strong></span> <span class='ocrx_word' id='word_1_75' title='bbox 427 1951 559 2022; x_wconf 82' lang='lat' dir='ltr'><strong>boniet</strong></span> <span class='ocrx_word' id='word_1_76' title='bbox 572 1957 682 2024; x_wconf 86' lang='lat' dir='ltr'><strong>sancti</strong></span> <span class='ocrx_word' id='word_1_77' title='bbox 696 1955 759 2022; x_wconf 85' lang='lat' dir='ltr'><strong>riri</strong></span> <span class='ocrx_word' id='word_1_78' title='bbox 774 1955 926 2050; x_wconf 85' lang='lat' dir='ltr'><strong>speciem</strong></span> <span class='ocrx_word' id='word_1_79' title='bbox 942 1951 1107 2036; x_wconf 86' lang='lat' dir='ltr'><strong>induere,</strong></span> <span class='ocrx_word' id='word_1_80' title='bbox 1127 1955 1235 2022; x_wconf 81' lang='lat' dir='ltr'><strong>virtu·</strong></span> 
     </span>
     <span class='ocr_line' id='line_1_14' title="bbox 200 2075 1232 2176; baseline 0 -30"><span class='ocrx_word' id='word_1_81' title='bbox 200 2090 345 2172; x_wconf 84' lang='lat' dir='ltr'><strong>tetuque</strong></span> <span class='ocrx_word' id='word_1_82' title='bbox 356 2079 511 2157; x_wconf 86' lang='lat' dir='ltr'><strong>ureutiri,</strong></span> <span class='ocrx_word' id='word_1_83' title='bbox 522 2075 621 2174; x_wconf 89' lang='lat' dir='ltr'><strong>qnod</strong></span> <span class='ocrx_word' id='word_1_84' title='bbox 633 2081 809 2148; x_wconf 72' lang='lat' dir='ltr'><strong>orationis</strong></span> <span class='ocrx_word' id='word_1_85' title='bbox 817 2077 1048 2176; x_wconf 83' lang='lat' dir='ltr'><strong>superciliosa</strong></span> <span class='ocrx_word' id='word_1_86' title='bbox 1064 2081 1232 2146; x_wconf 81' lang='lat' dir='ltr'><strong>severita-</strong></span> 
     </span>
     <span class='ocr_line' id='line_1_15' title="bbox 201 2199 1234 2296; baseline -0.001 -26"><span class='ocrx_word' id='word_1_87' title='bbox 201 2215 235 2270; x_wconf 85' lang='lat' dir='ltr'><strong>te</strong></span> <span class='ocrx_word' id='word_1_88' title='bbox 250 2199 380 2272; x_wconf 83' lang='lat' dir='ltr'><strong>lrustrn</strong></span> <span class='ocrx_word' id='word_1_89' title='bbox 395 2199 608 2272; x_wconf 84' lang='lat' dir='ltr'><strong>dissimulati</strong></span> <span class='ocrx_word' id='word_1_90' title='bbox 629 2199 711 2272; x_wconf 80' lang='lat' dir='ltr'><strong>uati</strong></span> <span class='ocrx_word' id='word_1_91' title='bbox 727 2225 844 2271; x_wconf 79' lang='lat' dir='ltr'><strong>utores</strong></span> <span class='ocrx_word' id='word_1_92' title='bbox 859 2205 926 2296; x_wconf 87' lang='lat' dir='ltr'><strong>ipsi</strong></span> <span class='ocrx_word' id='word_1_93' title='bbox 945 2223 982 2268; x_wconf 90' lang='lat' dir='ltr'><strong>se</strong></span> <span class='ocrx_word' id='word_1_94' title='bbox 999 2215 1171 2296; x_wconf 79' lang='lat' dir='ltr'><strong>arguunt,</strong></span> <span class='ocrx_word' id='word_1_95' title='bbox 1201 2214 1234 2269; x_wconf 84' lang='lat' dir='ltr'><strong>et</strong></span> 
     </span>
     <span class='ocr_line' id='line_1_16' title="bbox 200 2321 749 2422; baseline 0.009 -33"><span class='ocrx_word' id='word_1_96' title='bbox 200 2321 337 2420; x_wconf 78' lang='lat' dir='ltr'><strong>ultique</strong></span> <span class='ocrx_word' id='word_1_97' title='bbox 361 2322 420 2394; x_wconf 83' lang='lat' dir='ltr'><strong>liat</strong></span> <span class='ocrx_word' id='word_1_98' title='bbox 437 2323 536 2421; x_wconf 89' lang='lat' dir='ltr'><strong>qnod</strong></span> <span class='ocrx_word' id='word_1_99' title='bbox 557 2329 724 2422; x_wconf 80' lang='lat' dir='ltr'><strong>aitpoeta</strong></span> <span class='ocrx_word' id='word_1_100' title='bbox 741 2351 749 2394; x_wconf 75' lang='grc' dir='ltr'><strong><em>ε</em></strong></span> 
     </span>
    </p>
   </div>
   <div class='ocr_carea' id='block_1_3' title="bbox 400 2563 810 2636">
    <p class='ocr_par' dir='ltr' id='par_1_4' title="bbox 400 2563 810 2636">
     <span class='ocr_line' id='line_1_17' title="bbox 400 2563 810 2636; baseline 0.002 -20"><span class='ocrx_word' id='word_1_101' title='bbox 400 2563 517 2636; x_wconf 80' lang='lat' dir='ltr'><strong>Eripitur</strong></span> <span class='ocrx_word' id='word_1_102' title='bbox 525 2579 647 2635; x_wconf 80' lang='lat' dir='ltr'><strong>persona,</strong></span> <span class='ocrx_word' id='word_1_103' title='bbox 659 2569 810 2619; x_wconf 75' lang='lat' dir='ltr'><strong>monstres.</strong></span> 
     </span>
    </p>
   </div>
   <div class='ocr_carea' id='block_1_4' title="bbox 205 2789 1234 3140">
    <p class='ocr_par' dir='ltr' id='par_1_5' title="bbox 205 2789 1234 3140">
     <span class='ocr_line' id='line_1_18' title="bbox 253 2789 1233 2891; baseline 0.004 -33"><span class='ocrx_word' id='word_1_104' title='bbox 253 2789 359 2878; x_wconf 81' lang='lat' dir='ltr'><strong>Quod</strong></span> <span class='ocrx_word' id='word_1_105' title='bbox 389 2813 473 2860; x_wconf 80' lang='lat' dir='ltr'><strong>vero</strong></span> <span class='ocrx_word' id='word_1_106' title='bbox 501 2790 679 2891; x_wconf 80' lang='lat' dir='ltr'><strong>adipsum</strong></span> <span class='ocrx_word' id='word_1_107' title='bbox 704 2795 825 2889; x_wconf 62' lang='lat' dir='ltr'><strong>prison*</strong></span> <span class='ocrx_word' id='word_1_108' title='bbox 857 2790 988 2888; x_wconf 82' lang='lat' dir='ltr'><strong>linguae</strong></span> <span class='ocrx_word' id='word_1_109' title='bbox 1029 2798 1233 2890; x_wconf 82' lang='lat' dir='ltr'><strong>usurpatio·</strong></span> 
     </span>
     <span class='ocr_line' id='line_1_19' title="bbox 205 2915 1233 3013; baseline 0.003 -31"><span class='ocrx_word' id='word_1_110' title='bbox 205 2936 287 2984; x_wconf 88' lang='lat' dir='ltr'><strong>nern</strong></span> <span class='ocrx_word' id='word_1_111' title='bbox 317 2919 462 3003; x_wconf 80' lang='lat' dir='ltr'><strong>attinet,</strong></span> <span class='ocrx_word' id='word_1_112' title='bbox 489 2940 698 3013; x_wconf 81' lang='lat' dir='ltr'><strong>quanquam</strong></span> <span class='ocrx_word' id='word_1_113' title='bbox 729 2940 784 2986; x_wconf 83' lang='lat' dir='ltr'><strong>res</strong></span> <span class='ocrx_word' id='word_1_114' title='bbox 809 2915 1003 3011; x_wconf 79' lang='lat' dir='ltr'><strong>Sallustio,</strong></span> <span class='ocrx_word' id='word_1_115' title='bbox 1038 2933 1075 2988; x_wconf 91' lang='lat' dir='ltr'><strong>ut</strong></span> <span class='ocrx_word' id='word_1_116' title='bbox 1109 2933 1233 2988; x_wconf 88' lang='lat' dir='ltr'><strong>nostro</strong></span> 
     </span>
     <span class='ocr_line' id='line_1_20' title="bbox 205 3037 1234 3140; baseline 0.006 -35"><span class='ocrx_word' id='word_1_117' title='bbox 205 3041 369 3126; x_wconf 83' lang='lat' dir='ltr'><strong>Courier,</strong></span> <span class='ocrx_word' id='word_1_118' title='bbox 386 3063 460 3110; x_wconf 91' lang='lat' dir='ltr'><strong>non</strong></span> <span class='ocrx_word' id='word_1_119' title='bbox 477 3037 664 3110; x_wconf 87' lang='lat' dir='ltr'><strong>infeliciter</strong></span> <span class='ocrx_word' id='word_1_120' title='bbox 684 3046 800 3128; x_wconf 89' lang='lat' dir='ltr'><strong>cessit,</strong></span> <span class='ocrx_word' id='word_1_121' title='bbox 828 3041 983 3112; x_wconf 85' lang='lat' dir='ltr'><strong>tnnlttun</strong></span> <span class='ocrx_word' id='word_1_122' title='bbox 1005 3058 1122 3114; x_wconf 78' lang='lat' dir='ltr'><strong>tamnu</strong></span> <span class='ocrx_word' id='word_1_123' title='bbox 1142 3045 1234 3140; x_wconf 82' lang='lat' dir='ltr'><strong>peri-</strong></span> 
     </span>
    </p>
   </div>
   <div class='ocr_carea' id='block_1_5' title="bbox 206 3159 1237 3635">
    <p class='ocr_par' dir='ltr' id='par_1_6' title="bbox 206 3159 1237 3635">
     <span class='ocr_line' id='line_1_21' title="bbox 206 3159 1234 3267; baseline 0.007 -37"><span class='ocrx_word' id='word_1_124' title='bbox 206 3159 279 3233; x_wconf 90' lang='lat' dir='ltr'><strong>culi</strong></span> <span class='ocrx_word' id='word_1_125' title='bbox 297 3161 404 3267; x_wconf 66' lang='lat' dir='ltr'><strong>tuder</strong></span> <span class='ocrx_word' id='word_1_126' title='bbox 423 3163 479 3236; x_wconf 83' lang='lat' dir='ltr'><strong>illa</strong></span> <span class='ocrx_word' id='word_1_127' title='bbox 500 3164 692 3236; x_wconf 86' lang='lat' dir='ltr'><strong>verborum</strong></span> <span class='ocrx_word' id='word_1_128' title='bbox 713 3171 816 3263; x_wconf 82' lang='lat' dir='ltr'><strong>quusi</strong></span> <span class='ocrx_word' id='word_1_129' title='bbox 834 3171 1036 3264; x_wconf 80' lang='lat' dir='ltr'><strong>pertuixtio,</strong></span> <span class='ocrx_word' id='word_1_130' title='bbox 1054 3193 1163 3264; x_wconf 82' lang='lat' dir='ltr'><strong>quain</strong></span> <span class='ocrx_word' id='word_1_131' title='bbox 1179 3171 1234 3237; x_wconf 86' lang='lat' dir='ltr'><strong>vix</strong></span> 
     </span>
     <span class='ocr_line' id='line_1_22' title="bbox 212 3278 1237 3387; baseline 0.005 -31"><span class='ocrx_word' id='word_1_132' title='bbox 212 3290 490 3383; x_wconf 69' lang='lat' dir='ltr'><strong>prccstautissiuri</strong></span> <span class='ocrx_word' id='word_1_133' title='bbox 513 3294 645 3385; x_wconf 82' lang='lat' dir='ltr'><strong>ingenii</strong></span> <span class='ocrx_word' id='word_1_134' title='bbox 674 3295 738 3359; x_wconf 90' lang='lat' dir='ltr'><strong>viri</strong></span> <span class='ocrx_word' id='word_1_135' title='bbox 761 3289 805 3361; x_wconf 84' lang='lat' dir='ltr'><strong>ad</strong></span> <span class='ocrx_word' id='word_1_136' title='bbox 836 3290 977 3362; x_wconf 82' lang='lat' dir='ltr'><strong>bonurn</strong></span> <span class='ocrx_word' id='word_1_137' title='bbox 1000 3297 1134 3362; x_wconf 78' lang='lat' dir='ltr'><strong>exitnni</strong></span> <span class='ocrx_word' id='word_1_138' title='bbox 1162 3278 1237 3387; x_wconf 56' lang='lat' dir='ltr'><strong>pura</strong></span> 
     </span>
     <span class='ocr_line' id='line_1_23' title="bbox 208 3408 1234 3513; baseline 0.005 -35"><span class='ocrx_word' id='word_1_139' title='bbox 208 3408 361 3482; x_wconf 89' lang='lat' dir='ltr'><strong>ducunt.</strong></span> <span class='ocrx_word' id='word_1_140' title='bbox 385 3415 519 3508; x_wconf 72' lang='lat' dir='ltr'><strong>Suqiius</strong></span> <span class='ocrx_word' id='word_1_141' title='bbox 539 3420 633 3483; x_wconf 76' lang='lat' dir='ltr'><strong>enisu</strong></span> <span class='ocrx_word' id='word_1_142' title='bbox 658 3412 741 3485; x_wconf 84' lang='lat' dir='ltr'><strong>inde</strong></span> <span class='ocrx_word' id='word_1_143' title='bbox 756 3417 872 3484; x_wconf 89' lang='lat' dir='ltr'><strong>oritur</strong></span> <span class='ocrx_word' id='word_1_144' title='bbox 888 3421 1037 3513; x_wconf 80' lang='lat' dir='ltr'><strong>pessirnn</strong></span> <span class='ocrx_word' id='word_1_145' title='bbox 1054 3415 1234 3486; x_wconf 84' lang='lat' dir='ltr'><strong>scribendi</strong></span> 
     </span>
     <span class='ocr_line' id='line_1_24' title="bbox 209 3529 1235 3635; baseline 0.008 -37"><span class='ocrx_word' id='word_1_146' title='bbox 209 3529 411 3631; x_wconf 78' lang='lat' dir='ltr'><strong>disciplina,</strong></span> <span class='ocrx_word' id='word_1_147' title='bbox 437 3557 517 3629; x_wconf 73' lang='lat' dir='ltr'><strong>qufc</strong></span> <span class='ocrx_word' id='word_1_148' title='bbox 542 3537 734 3606; x_wconf 77' lang='lat' dir='ltr'><strong>Frontonis</strong></span> <span class='ocrx_word' id='word_1_149' title='bbox 760 3536 856 3633; x_wconf 82' lang='lat' dir='ltr'><strong>uprrd</strong></span> <span class='ocrx_word' id='word_1_150' title='bbox 878 3553 1026 3624; x_wconf 83' lang='lat' dir='ltr'><strong>veteres,</strong></span> <span class='ocrx_word' id='word_1_151' title='bbox 1053 3536 1148 3635; x_wconf 63' lang='lat' dir='ltr'><strong>alud</strong></span> <span class='ocrx_word' id='word_1_152' title='bbox 1182 3562 1235 3606; x_wconf 83' lang='lat' dir='ltr'><strong>re-</strong></span> 
     </span>
    </p>
   </div>
   <div class='ocr_carea' id='block_1_6' title="bbox 198 3888 1238 4211">
    <p class='ocr_par' dir='ltr' id='par_1_7' title="bbox 198 3888 1238 4211">
     <span class='ocr_line' id='line_1_25' title="bbox 211 3888 1233 3960; baseline 0.007 -23"><span class='ocrx_word' id='word_1_153' title='bbox 211 3909 222 3937; x_wconf 73' lang='lat' dir='ltr'><strong>u</strong></span> <span class='ocrx_word' id='word_1_154' title='bbox 244 3888 368 3957; x_wconf 77' lang='lat' dir='ltr'><strong>virgitius</strong></span> <span class='ocrx_word' id='word_1_155' title='bbox 379 3889 403 3944; x_wconf 89' lang='lat' dir='ltr'><strong>iu</strong></span> <span class='ocrx_word' id='word_1_156' title='bbox 421 3895 495 3958; x_wconf 80' lang='lat' dir='ltr'><strong>nesto</strong></span> <span class='ocrx_word' id='word_1_157' title='bbox 507 3888 680 3943; x_wconf 71' lang='lat' dir='ltr'><strong>describendo</strong></span> <span class='ocrx_word' id='word_1_158' title='bbox 694 3889 813 3944; x_wconf 82' lang='lat' dir='ltr'><strong>ordinem</strong></span> <span class='ocrx_word' id='word_1_159' title='bbox 827 3895 935 3943; x_wconf 75' lang='lat' dir='ltr'><strong>secutus</strong></span> <span class='ocrx_word' id='word_1_160' title='bbox 948 3897 988 3944; x_wconf 81' lang='lat' dir='ltr'><strong>ost</strong></span> <span class='ocrx_word' id='word_1_161' title='bbox 999 3905 1077 3960; x_wconf 83' lang='lat' dir='ltr'><strong>quent</strong></span> <span class='ocrx_word' id='word_1_162' title='bbox 1092 3896 1118 3946; x_wconf 81' lang='lat' dir='ltr'><strong>ot</strong></span> <span class='ocrx_word' id='word_1_163' title='bbox 1137 3892 1233 3944; x_wconf 78' lang='lat' dir='ltr'><strong>tnur-</strong></span> 
     </span>
     <span class='ocr_line' id='line_1_26' title="bbox 198 3975 1238 4050; baseline 0.007 -23"><span class='ocrx_word' id='word_1_164' title='bbox 198 3983 200 3990; x_wconf 88' lang='lat'>&#39;</span> <span class='ocrx_word' id='word_1_165' title='bbox 212 3975 266 4029; x_wconf 81' lang='lat' dir='ltr'><strong>tius</strong></span> <span class='ocrx_word' id='word_1_166' title='bbox 279 3978 370 4030; x_wconf 81' lang='lat' dir='ltr'><strong>tenuit</strong></span> <span class='ocrx_word' id='word_1_167' title='bbox 383 3983 408 4030; x_wconf 86' lang='lat' dir='ltr'><strong>rt</strong></span> <span class='ocrx_word' id='word_1_168' title='bbox 422 3976 571 4046; x_wconf 68' lang='lat' dir='ltr'><strong>sattiuttus,</strong></span> <span class='ocrx_word' id='word_1_169' title='bbox 596 3977 681 4049; x_wconf 85' lang='lat' dir='ltr'><strong>primo</strong></span> <span class='ocrx_word' id='word_1_170' title='bbox 695 3991 800 4047; x_wconf 78' lang='lat' dir='ltr'><strong>aerem,</strong></span> <span class='ocrx_word' id='word_1_171' title='bbox 814 3977 910 4031; x_wconf 80' lang='lat' dir='ltr'><strong>deiude</strong></span> <span class='ocrx_word' id='word_1_172' title='bbox 926 3991 1040 4046; x_wconf 72' lang='lat' dir='ltr'><strong>aquam,</strong></span> <span class='ocrx_word' id='word_1_173' title='bbox 1065 3987 1122 4047; x_wconf 79' lang='lat' dir='ltr'><strong>post</strong></span> <span class='ocrx_word' id='word_1_174' title='bbox 1142 3977 1238 4050; x_wconf 68' lang='lat' dir='ltr'><strong>pabula</strong></span> 
     </span>
     <span class='ocr_line' id='line_1_27' title="bbox 213 4073 433 4138; baseline 0 -18"><span class='ocrx_word' id='word_1_175' title='bbox 213 4073 433 4138; x_wconf 72' lang='lat' dir='ltr'><strong>esseconupto.»</strong></span> 
     </span>
     <span class='ocr_line' id='line_1_28' title="bbox 1083 4161 1098 4211; baseline 0 0"><span class='ocrx_word' id='word_1_176' title='bbox 1083 4161 1098 4211; x_wconf 82' lang='lat' dir='ltr'><strong>c</strong></span> 
     </span>
    </p>
   </div>
   <div class='ocr_carea' id='block_1_7' title="bbox 0 0 1512 4746">
    <p class='ocr_par' dir='ltr' id='par_1_8' title="bbox 0 0 1512 4746">
     <span class='ocr_line' id='line_1_29' title="bbox 0 0 1512 4746; baseline 0 0"><span class='ocrx_word' id='word_1_177' title='bbox 0 0 1512 4746; x_wconf 95' lang='lat' dir='ltr'><strong> </strong></span> 
     </span>
    </p>
   </div>
  </div>
 </body>
</html>
