2974 4746
647 457 744 517 ...63
768 482 806 501 a..

209 619 359 712 gratiam
389 629 425 686 et
445 638 532 712 opes
558 613 602 684 ad
633 639 817 683 saturnum
848 623 1045 711 provectas,
1077 613 1240 682 maximae

209 763 293 810 saue
309 743 344 810 el
364 737 508 809 utilitati
526 751 562 808 et
583 735 759 835 voluptati
774 736 881 808 nobis
895 736 1066 824 luissent3
1090 739 1241 833 ipsaque

209 861 423 960 fragmenta,
458 885 551 958 saepe
581 861 685 958 plena
719 860 968 957 juctmditatis,
1004 858 1170 930 elliciuut
1202 874 1241 930 ut

205 999 325 1056 totum
341 1011 435 1082 opus
454 988 629 1055 interiisse
642 985 827 1074 molestius
844 983 1012 1056 feramus.
1033 982 1144 1074 Quod
1162 986 1242 1080 qui·

209 1111 291 1182 deur
314 1113 499 1180 restituere
520 1123 557 1179 et
577 1111 781 1180 universam
807 1133 928 1179 rerum
953 1105 1111 1203 effigiem
1139 1111 1242 1204 quasi

210 1246 462 1331 repraesentare
483 1230 654 1302 nonnulli
670 1233 791 1302 conati
809 1244 912 1315 sunt;
935 1235 1028 1301 iuter
1048 1249 1141 1326 quos
1157 1249 1243 1326 prte-

210 1360 317 1450 cipue
330 1357 469 1440 Carrio,
487 1369 535 1442 et,
553 1353 669 1424 multo
686 1337 877 1452 posterius,
888 1355 942 1424 vir
955 1357 1049 1426 iuter
1068 1367 1243 1424 nostrates

211 1477 343 1549 nobilis
359 1481 416 1548 De
430 1483 583 1566 Bresses,
602 1493 650 1567 et,
678 1482 923 1550 recentissime
949 1475 1118 1574 quidem,
1142 1473 1241 1547 Frid.

210 1605 378 1689 Kritzius,
404 1599 587 1698 professor
607 1599 835 1690 Erfurtensis,
859 1605 971 1671 nimio
991 1623 1077 1672 sane
1096 1599 1243 1672 fastidio

211 1730 365 1823 priores,
389 1739 424 1796 et
440 1705 635 1822 presertim
662 1728 714 1794 De
746 1729 901 1814 Bressos,
924 1739 1157 1822 promouere,
1180 1723 1243 1795 sed

211 1850 294 1946 qui,
325 1866 365 1921 ut
394 1849 482 1919 mihi
507 1849 790 1932 videtur‚multa
818 1855 853 1920 iu
884 1847 1010 1920 melius
1039 1847 1241 1935 distribuit,

211 1999 303 2046 nova
318 1973 470 2063 eddidit,
485 1970 573 2044 falsa
585 1974 720 2070 rejecit,
733 1973 891 2071 denique
904 1971 1082 2058 doctrina,
1102 1971 1242 2068 judicio

210 2113 246 2168 et
273 2103 359 2169 cura
392 2097 483 2169 adeo
519 2100 683 2194 insignis,
719 2115 758 2170 ut
785 2099 828 2169 ad
864 2095 1126 2185 contumeliae,
1162 2121 1243 2194 quae

211 2227 404 2292 inermium
429 2222 500 2293 tela
532 2246 608 2292 esse
638 2221 770 2312 solent,
803 2247 885 2296 eum
921 2219 1149 2294 descendisse
1173 2220 1240 2292 dos

212 2345 374 2420 lendum·
398 2350 455 2418 sit.
485 2349 602 2443 Hujus
634 2373 717 2418 vero
750 2345 1045 2418 distributionem
1075 2351 1113 2415 iu
1149 2342 1242 2441 frag·

213 2486 419 2542 mentorum
434 2477 655 2563 recensione,
674 2471 834 2544 indicato
849 2487 969 2542 tamen
986 2469 1092 2542 simul
1106 2469 1243 2566 vulgari

213 2593 357 2682 ordine,
379 2618 531 2691 sequar..
671 2609 676 2613 ⁴
825 2591 827 2597 ’
1012 2679 1017 2686 .

261 2722 434 2809 Quamvis
464 2719 713 2808 Quintilianus
736 2720 782 2790 de
807 2723 1042 2790 Historiarum
1064 2723 1243 2818 prooemio

213 2842 328 2929 sileat,
349 2857 469 2913 tamen
499 2865 540 2914 ex
566 2841 774 2940 fragmentis
797 2857 939 2936 constat
961 2841 1170 2914 Sallustium
1189 2841 1245 2912 his

214 2989 364 3062 quoque
382 2965 500 3056 libris,
518 2971 720 3040 Catoniauo
747 2981 782 3038 et
810 2991 877 3038 suo
908 2989 1027 3053 ruore,
1054 2964 1245 3036 exordium

216 3087 354 3179 secisse,
376 3088 421 3160 de
440 3091 595 3162 consilio
609 3091 708 3161 illius
722 3080 842 3189 operis
854 3105 889 3160 et
907 3089 952 3162 de
971 3090 1155 3189 prioribus
1172 3089 1243 3160 his·
1290 3091 1294 3098 ’

215 3219 336 3284 toricis
360 3213 583 3288 disserendo.
605 3215 799 3287 Librorum
821 3220 965 3286 initium
980 3229 1081 3286 erant
1096 3215 1150 3310 (r)
1171 3213 1245 3286 haec

216 3337 346 3408 verbu:
380 3369 396 3402 α
412 3345 481 3410 Res
496 3339 623 3437 populi
639 3343 807 3427 Romani,
828 3344 877 3410 M.
900 3319 1037 3434 Lepido
1058 3351 1092 3408 et
1110 3339 1156 3426 Q.
1178 3343 1246 3409 Ca-

219 3491 234 3524 «
255 3461 333 3531 tulo
358 3486 467 3550 coss,
488 3485 529 3532 ac
545 3461 676 3533 deinde
692 3462 826 3532 militiae
845 3477 879 3531 et
894 3460 994 3530 domi
1011 3473 1125 3556 gestas
1140 3484 1241 3530 cour·

220 3612 236 3647 α
256 3590 373 3679 posui.
394 3617 411 3650 u
433 3589 516 3676 Quo
535 3591 573 3655 in
594 3585 760 3675 exordio,
779 3590 953 3656 Catonem
970 3589 1034 3681 qui
1057 3588 1243 3654 «Romani

216 3711 355 3799 generis
380 3704 647 3777 disertissumus
670 3712 793 3804 paucis
812 3705 982 3794 absolvit,
1007 3735 1022 3770 u
1050 3709 1243 3793 Fannium,

253 4091 289 4163 (l)
312 4091 406 4148 Donat.
421 4091 455 4148 ad
467 4091 542 4165 virg.
555 4091 618 4147 AEu.
636 4091 655 4158 1,
672 4095 696 4147 l.
712 4091 795 4182 ¹Prisc.
811 4088 870 4162 XV,
885 4093 913 4162 2,
928 4094 960 4162 6;
976 4089 1036 4162 XV,
1049 4095 1074 4162 3,
1087 4091 1129 4146 ll.
