2974 4746
680 433 843 492 vna...

248 591 398 656 inicium
426 589 633 682 Scipionem
663 593 872 675 Asiaticum,
897 595 1015 686 ipsum
1044 587 1275 679 Africannm3

246 709 329 780 ideo
364 735 429 806 pro
456 724 506 780 tot
548 709 704 808 iegibus,
740 739 821 810 quae
850 727 1016 811 snrnptus
1046 714 1275 799 coercebant,

244 817 557 904 vehementissime
585 832 742 908 hrctatns
766 851 839 924 est;
862 836 944 907 ideo
970 842 1075 910 toties
1097 839 1276 932 majorum

246 957 368 1042 fidem,
384 958 572 1052 justitiam,
589 960 815 1049 modestiam,
826 973 1083 1058 paupertatem,
1095 961 1276 1032 abstinen-

247 1085 331 1150 tiarn
354 1079 552 1154 obtestatus
568 1097 630 1167 est,
648 1089 698 1156 ita
711 1089 788 1182 ipse
802 1091 973 1181 antiquos
992 1111 1110 1156 mores
1125 1092 1194 1157 rita
1211 1109 1276 1155 sna

248 1202 425 1290 referens,
449 1219 489 1276 nt
514 1207 591 1302 ejus
626 1207 994 1292 «vociferationibus,
1014 1241 1030 1276 >2
1066 1225 1106 1280 nt
1132 1209 1276 1280 aiebant

248 1333 408 1414 inimici,
439 1354 580 1400 surnma
615 1330 724 1402 inerit
743 1338 959 1421 arroteritae,
991 1349 1045 1421 et,
1066 1357 1276 1430 quanquam
1307 1309 1308 1314 ἵ

250 1457 368 1526 virum
393 1457 588 1548 asperrima
618 1453 703 1524 odia
728 1461 963 1540 exercuerint,
992 1461 1086 1526 inter
1106 1460 1281 1526 maximos

248 1597 405 1648 romanae
430 1581 581 1648 civitatis
601 1583 696 1648 viros
714 1575 767 1671 (r)
791 1593 825 1648 et
848 1587 1021 1675 tanquam
1043 1557 1186 1649 uirtutis
1211 1603 1276 1650 an·

169 1684 174 1687 ¹
250 1703 356 1796 tiqnae
372 1699 668 1798 periectissirnunr
689 1702 871 1800 exeniplrst
891 1703 937 1776 ab
960 1704 1138 1775 historicis
1155 1705 1279 1800 poetis·

249 1848 322 1920 que
337 1823 483 1897 habitus
502 1829 559 1894 sit.

298 1950 387 2036 Qnae
408 1948 515 2036 raaia,
531 1962 634 2022 aetate
648 1953 810 2039 Catonis,
824 1952 896 2046 jam
914 1965 1010 2022 tanta
1027 1957 1060 2020 ri
1074 1966 1280 2050 eruperant,

249 2095 304 2159 ea,
322 2085 405 2168 post
418 2087 564 2146 centnm
585 2097 701 2144 annos
716 2074 783 2168 (2),
799 2073 1005 2145 ferentibus
1023 2090 1074 2145 tot
1095 2075 1283 2146 discordiis

252 2209 379 2291 totque
394 2194 499 2266 bellis
522 2195 704 2287 civilibus,
726 2197 850 2270 adulta
871 2199 1009 2296 pridem
1042 2215 1076 2272 et
1108 2206 1210 2298 quasi
1236 2200 1280 2271 ad

136 2315 157 2389 J
253 2325 494 2390 maturitatem
521 2344 622 2390 snam
648 2320 823 2418 perducta
842 2323 1032 2394 Salhrstins
1058 2323 1278 2395 offendebat.

252 2447 365 2539 ‘igitur
380 2448 433 2513 rir
451 2441 630 2514 nobilitati
653 2441 928 2536 infensissimus,
945 2461 979 2518 et
998 2447 1164 2518 Clodiani
1181 2445 1281 2518 furo·

148 2605 155 2616 ·
254 2572 314 2655 ris,
350 2566 438 2640 dnm
478 2565 647 2638 tribunus
677 2566 759 2659 snit,
796 2567 918 2642 fautor
947 2585 981 2641 et
1012 2576 1145 2660 socius,
1172 2576 1281 2642 inter-

253 2697 438 2790 emptique
471 2696 577 2765 amici
610 2697 805 2766 acerrimus
827 2693 977 2781 vindex,
1005 2696 1132 2765 eodem
1162 2701 1283 2766 animo

254 2817 440 2895 historiam
457 2820 657 2914 scripturus
677 2821 805 2912 quoin
829 2816 1014 2913 republica
1029 2831 1187 2891 versatus
1210 2815 1286 2888 sue·

254 2954 321 3029 rat,
344 2938 448 3010 tacite
481 2937 528 3010 ab
560 2944 762 3010 imitatione
794 2944 1003 3012 Catonianae
1032 2946 1207 3014 orationis
1238 2939 1282 3010 ad
1328 2915 1333 2925 Ι

254 3088 374 3136 rerum
386 3067 624 3135 imitationem
633 3062 810 3135 deductus
820 3078 892 3150 est;
906 3089 971 3136 nec
981 3070 1113 3136 mirrnn
1126 3080 1282 3149 osteum,

254 3186 342 3258 dnm
359 3192 565 3258 convicium
588 3187 674 3260 dicit
695 3187 827 3258 saeculo
841 3213 922 3274 suo,
942 3191 1047 3284 cnjus
1062 3204 1180 3262 tamen
1201 3213 1284 3260 curn

253 3316 347 3382 vitiis
360 3317 450 3382 mire
465 3310 606 3382 videtur
619 3316 849 3407 congruisse,
866 3310 953 3382 dum
973 3311 1179 3409 reipublicae
1195 3309 1286 3380 maia

254 3434 472 3506 viridissime
500 3433 659 3531 effingit,
684 3441 812 3532 saepius
830 3442 1070 3532 argumentis,
1088 3440 1286 3524 sententiis,
1320 3455 1324 3464 ·

291 3677 328 3747 (t)
345 3674 420 3744 Virg.
435 3673 499 3730 AEa.
515 3677 541 3745 6,
553 3675 604 3729 868
617 3692 622 3728 :
636 3674 721 3744 rQnis
734 3681 770 3744 te,
785 3692 883 3748 triopae
895 3675 969 3745 Cato,
986 3677 1106 3747 tacitum,
1116 3681 1190 3732 etc.»

275 3785 276 3790 ¹
292 3768 328 3834 (2)
348 3763 423 3832 Catu,
438 3770 467 3817 ut
478 3763 603 3831 creditur,
619 3779 688 3818 anno
700 3766 750 3818 688
764 3768 830 3833 (ant.
851 3763 949 3819 Christ.
972 3765 1034 3832 838)
1054 3771 1196 3840 natusest,
1221 3779 1291 3818 anno

256 3860 345 3910 antem
361 3855 414 3907 666
431 3859 498 3919 (ant.
515 3852 577 3907 Chr.
593 3854 655 3918 tta)
674 3852 800 3908 decessit.
816 3853 957 3908 Sallustius
974 3869 1038 3908 rero
1059 3869 1129 3908 anno
1146 3855 1198 3906 668
1218 3857 1290 3918 (ant.

256 3943 318 3998 Chr.
335 3945 379 4015 86)
391 3954 481 4010 na'us,
490 3943 620 3998 annoit8
637 3942 701 4014 (36),
715 3950 846 4013 mortuns,
858 3959 909 3998 non
920 3949 1090 4000 antoannnm
1101 3945 1152 3998 708
1163 3943 1225 4010 (te),
1239 3955 1292 4012 qno

256 4033 463 4101 Caesarinteriit,
478 4032 617 4104 scripsisse
630 4032 742 4088 videtur.
755 4035 836 4104 Igitur
845 4035 1053 4100 intermortuam
1060 4032 1293 4088 CatonemetGon'·

200 4118 202 4123 ’
258 4119 320 4177 lina
331 4122 544 4194 conjurationem
558 4119 583 4174 in
599 4119 685 4177 iucem
699 4121 839 4195 prolatam,
855 4129 998 4177 centumet
1012 4128 1065 4178 tros
1079 4121 1140 4178 anni
1154 4119 1290 4176 effluxere.
