2974 4746
681 477 840 536 ..30-

251 665 267 700 «
296 641 393 706 oium
411 639 537 705 sectari
550 649 660 728 atque
675 632 834 730 flagitare
854 639 968 702 virum
982 632 1102 729 juben
1118 649 1211 703 »aut
1227 631 1276 704 le·

246 758 430 859 pidissima
445 757 580 854 garruli
600 783 642 828 cn
645 757 789 854 jusdam
805 756 940 853 effigies
954 757 1023 854 lt).
1040 787 1056 823 r
1080 761 1276 854 Nunquam

251 914 267 948 κ
296 900 388 956 tacet
416 907 524 979 quem
544 882 693 954 morbus
712 899 806 954 tenet
821 881 1010 978 loquendi,
1029 898 1203 978 tanquam
1222 907 1278 954 ve-

179 1001 180 1005 *
251 1039 267 1072 a
297 1023 481 1080 ternosnm
512 1006 663 1078 bibendi
702 1022 811 1104 atque
840 1005 1059 1078 dormiendi.
1099 1007 1208 1097 Quod
1250 1013 1278 1079 si

251 1164 266 1196 α
297 1156 371 1204 non
393 1135 613 1204 conveniatis
638 1157 752 1228 quum
782 1137 973 1202 convocari
998 1129 1116 1225 jubet,
1154 1137 1201 1202 ita
1227 1145 1279 1203 est

251 1287 268 1322 «
295 1255 452 1352 cupidus
476 1261 664 1346 orationis,
691 1270 731 1326 ut
758 1255 940 1326 conducat
968 1260 1031 1350 qni
1057 1255 1236 1327 auscultet
1264 1284 1274 1326 .·

250 1411 266 1444 a
295 1385 416 1477 itaque
438 1378 585 1466 auditis,
619 1405 693 1450 non
714 1379 937 1466 auscultatis,
962 1393 1136 1474 tanquam
1164 1378 1274 1476 phar·

250 1531 266 1568 «
296 1504 543 1602 macopolam3
572 1527 655 1573 nam
674 1504 753 1597 ejus
782 1501 890 1573 verba
914 1501 1127 1591 audiuntur,
1150 1523 1275 1574 verum

251 1658 267 1692 «
296 1632 329 1698 ei
360 1648 396 1698 se
422 1652 529 1698 nemo
556 1631 749 1698 committit
778 1631 806 1697 si
832 1649 923 1722 aeger
946 1640 1011 1696 est.
1031 1657 1048 1691 »
1077 1629 1150 1697 Nec
1173 1625 1276 1698 aliter

248 1757 378 1850 scripta
397 1751 472 1822 haec
495 1775 538 1822 ex
559 1755 694 1821 incerto
717 1753 898 1847 Originum
923 1749 976 1820 vel
997 1755 1205 1820 orationum
1232 1751 1276 1820 li·

237 1873 316 1945 -bro
335 1874 411 1970 (a):
431 1879 602 1944 «Interea
614 1897 911 1971 unamquamque
923 1888 1094 1960 turmam,
1111 1879 1276 1972 manipu-

253 2029 268 2064 α
299 1998 390 2088 lum,
405 1999 592 2071 cohortem
613 1997 848 2096 temptabam,
864 1997 953 2096 qnid
972 1995 1087 2069 facere
1111 2013 1273 2095 possent:

191 2156 194 2160 -
254 2151 270 2187 u
301 2121 601 2220 praeliislevibus
630 2121 849 2219 spectabam,
883 2121 1090 2217 cujusmodi
1120 2127 1277 2219 quisque

257 2276 273 2310 r<
303 2260 415 2334 esset3
433 2251 461 2316 si
479 2251 560 2343 quis
585 2261 730 2316 strenue
746 2244 891 2333 fecerat,
908 2244 1089 2316 donabam
1111 2245 1275 2333 honeste,

255 2400 271 2434 r<
301 2384 346 2440 ut.
370 2368 428 2439 alii
459 2367 553 2439 idem
582 2369 718 2440 vellent
745 2367 882 2458 lacere,
907 2383 1016 2465 atque
1040 2375 1076 2439 in
1106 2376 1278 2441 contione

256 2522 273 2556 a
303 2492 420 2563 verbis
432 2491 554 2562 multis
566 2491 774 2580 laudabam,
789 2508 889 2563 ete...
904 2523 920 2555 n
935 2493 1000 2564 Illa
1014 2517 1096 2564 vero
1111 2499 1175 2591 qui
1187 2495 1278 2592 lege·

253 2621 319 2705 rit,
340 2623 423 2713 quis
442 2642 516 2686 nou
542 2615 754 2688 Sallustiana
773 2616 880 2716 plane
891 2617 1049 2713 judicet?
1068 2624 1217 2690 cirinen
1238 2625 1274 2688 in

254 2747 462 2813 memoriam
489 2725 650 2812 'venerint
671 2745 855 2813 innumeri
878 2757 941 2812 ant
965 2747 1193 2830 narratione,
1217 2757 1279 2812 aut

252 2870 458 2936 orationum
479 2865 563 2954 loci,
581 2865 699 2960 qualis
720 2866 778 2936 hic
795 2881 870 2936 est:
893 2895 909 2932 α
931 2871 1010 2936 iam
1039 2871 1195 2962 primum
1216 2863 1277 2960 ju-

255 3016 272 3052 «
299 3005 426 3060 ventus
446 2988 550 3058 simul
572 2988 707 3060 laboris
722 3013 763 3060 ao
781 2989 867 3060 belli
880 2995 1019 3088 patiens
1037 3004 1126 3074 erat,
1144 2996 1180 3058 in
1201 3013 1278 3060 eas·

255 3140 274 3184 «Ι
300 3117 363 3180 tris
386 3135 452 3180 usu
480 3109 642 3182 militiam
667 3111 873 3183 discebat...
900 3117 1015 3208 Igitur
1036 3111 1170 3182 talibus
1197 3117 1278 3182 viris

255 3265 272 3299 a
301 3259 375 3305 non
399 3234 501 3305 labos
530 3236 709 3324 insolitus,
732 3261 806 3307 non
837 3237 938 3306 locus
970 3236 1064 3307 nllus
1088 3257 1191 3333 asper
1215 3252 1277 3305 aut

256 3389 272 3424 n
301 3357 438 3429 arduus
458 3373 545 3447 erat,
574 3384 648 3429 non
674 3374 832 3430 armatus
858 3361 970 3430 hostis
995 3354 1274 3447 formidolosum

255 3512 272 3546 a
292 3487 413 3584 'virtus
432 3488 553 3553 omnia
571 3481 805 3553 domuerat...
834 3482 965 3553 Laudis
984 3483 1092 3571 avidi,
1117 3489 1277 3579 peeuniae

253 3638 269 3671 «
297 3604 463 3676 liberales
481 3620 596 3694 erant,
625 3605 776 3702 gloriam
812 3611 1008 3702 ingentem,
1037 3607 1178 3678 divitias
1210 3607 1277 3678 lto-

255 3759 272 3793 «
300 3743 418 3800 nestas
438 3729 607 3800 volebant
629 3729 695 3825 (3).
722 3759 739 3794 »

286 3959 322 4029 (l)
341 3956 416 4012 Orat.
429 3960 455 4012 si
466 3974 493 4012 se
509 3956 608 4012 Goelius
623 3955 686 4012 trib.
701 3957 771 4027 pleb.
786 3957 959 4030 appellasset.
974 3957 1084 4028 Gellius,
1099 3960 1119 4028 l,
1135 3961 1178 4013 l5.

289 4050 324 4117 (2)
343 4048 434 4103 Front.
448 4047 484 4102 orl
501 4051 606 4102 Verum.
623 4064 651 4118 p.
668 4051 729 4103 lSl.

287 4142 322 4206 (3)
343 4137 436 4206 Catil,
451 4140 477 4193 7.
492 4137 560 4194 Vide
572 4139 654 4194 etiam
666 4137 731 4194 int.
746 4135 858 4210 Philippi
873 4146 941 4196 orat.
955 4139 1036 4208 (urst.
1050 4139 1162 4214 Fropm.
1181 4138 1226 4195 lib.
1236 4133 1246 4192 l
1257 4141 1276 4204 ).
