2974 4746
638 451 798 512 ..51-

207 642 222 676 «
251 638 291 682 ex
312 617 494 682 sociorum
515 609 683 693 fortunis,
699 622 761 678 aut
776 606 1022 678 misericordes
1037 611 1073 677 in
1088 604 1231 680 furibus

207 767 223 801 «
253 741 384 823 ararii3
421 759 465 804 ne
494 733 545 802 illi
577 736 788 829 sanguinem
820 745 983 800 nostrum
1017 729 1230 828 largiantur,

207 891 224 924 «
252 877 319 930 etc.
347 889 363 923 »
390 863 463 928 Nec
483 857 585 926 aliter
600 855 645 926 de
668 857 823 925 inimicis
842 859 915 924 suis
938 878 978 924 ac
1007 853 1052 923 de
1071 879 1108 924 se
1142 880 1232 954 prae·

203 981 322 1054 dicare
351 981 490 1053 solebat
516 985 725 1076 Scipionum
751 975 1003 1049 adversarius:
1030 1007 1046 1042 α
1067 981 1233 1076 Saepenu-

161 1187 162 1191 ,
208 1133 224 1167 α
253 1129 365 1186 mero,
401 1107 441 1172 Pn
472 1108 530 1190 C.,
554 1101 667 1172 multa
695 1099 803 1171 verba
829 1105 866 1170 in
886 1101 958 1170 hoc
989 1099 1117 1170 ordine
1142 1099 1230 1184 leci,

208 1257 224 1290 «
253 1251 343 1324 saepe
361 1225 406 1296 de
420 1225 563 1296 luxuria
576 1239 684 1320 atque
704 1229 853 1294 avaritia
873 1237 1079 1302 nostrorum
1100 1227 1234 1293 'civium

134 1401 138 1404 .
208 1381 223 1413 a
253 1365 401 1446 questus
424 1375 522 1435 sum,
547 1346 754 1443 multosque
779 1345 938 1416 mortalis
964 1370 1003 1416 ea
1028 1371 1154 1416 caussa
1169 1340 1232 1416 ad-

207 1501 223 1534 ιι
253 1494 375 1539 vorsos
390 1465 521 1538 habeo.
544 1469 615 1556 Qui
637 1468 724 1536 milii
739 1482 848 1562 atque
858 1472 981 1537 animo
999 1490 1079 1536 tneo
1096 1465 1235 1537 nullius

206 1624 224 1658 «ι
252 1617 415 1690 unquam
445 1591 566 1661 delicti
595 1595 744 1686 gratiam
776 1589 960 1693 fecissem,
996 1589 1094 1659 hand
1130 1589 1235 1660 facile

207 1746 223 1780 ι(
252 1715 399 1799 alterius
432 1711 587 1784 lubidini
628 1709 815 1784 malefacta
843 1711 1110 1783 eomlonabam.
1139 1743 1156 1777 »
1185 1717 1234 1783 Ea

204 1843 308 1942 quasi
327 1839 510 1932 majestate
529 1838 681 1932 majores
695 1835 906 1931 nominabat
936 1864 943 1906 :
976 1867 992 1899 α
1010 1835 1130 1909 Nolite
1145 1843 1234 1906 exis·

208 1992 224 2026 u
254 1977 392 2032 turnare
416 1963 568 2057 majores
594 1977 736 2032 nostros
759 1965 867 2031 arinis
898 1959 1158 2058 rempublicam
1193 1937 1234 2029 eri

208 2114 224 2148 «
254 2108 361 2180 parva
377 2107 541 2180 magnam
555 2083 723 2156 secisse...
744 2083 821 2154 Alia
842 2081 942 2154 fuere
955 2107 1035 2180 quac
1057 2083 1138 2152 illos
1160 2106 1234 2152 rna-

209 2238 225 2272 «
253 2207 572 2304 gnoslecer·e,quae
588 2207 694 2279 nobis
707 2209 806 2283 nulla
824 2223 919 2292 sunt,
936 2206 1234 2295 domiindustria,

209 2361 225 2396 a
254 2329 340 2401 loris
361 2333 501 2426 justum
531 2335 736 2428 imperium.
769 2336 836 2402 Pro
870 2332 927 2401 his
957 2357 1027 2401 nos
1060 2329 1237 2401 babemus

209 2486 226 2520 «
255 2453 432 2526 luxuriam
458 2469 567 2550 atque
594 2457 794 2544 avaritiam,
819 2469 885 2526 etc.
906 2486 922 2520 »
953 2457 1042 2544 Quae
1069 2451 1234 2550 quidem,

207 2603 249 2648 eo
271 2581 443 2676 temporis
468 2577 635 2664 articul0,
668 2603 781 2672 quum
818 2583 983 2677 praesenti
1015 2577 1178 2676 periculo
1204 2586 1245 2654 et

209 2698 445 2774 callidissimae
471 2704 616 2772 Caesaris
641 2705 798 2771 orationi
840 2697 1103 2772 obluctandum
1137 2715 1239 2786 esset,

208 2821 327 2893 l'orsan
357 2846 578 2920 supervacua
603 2839 637 2895 et
664 2849 790 2919 parurn
825 2839 1044 2922 opportuna,
1071 2838 1106 2892 et
1129 2827 1240 2918 magis

109 2960 126 3030 f
209 2948 344 3043 impetu
366 2947 527 3042 quodam
544 2972 676 3046 asperae
698 2952 826 3018 mentis
846 2972 956 3044 quarn
973 2944 1022 3017 ob
1044 2973 1117 3017 rern
1145 2946 1240 3018 dicta

208 3069 407 3142 videntur:
433 3069 530 3141 nude
550 3096 589 3142 ea
603 3069 648 3142 ad
674 3075 883 3169 scriptorem
901 3075 1019 3168 ipsum
1040 3085 1074 3142 et
1097 3069 1141 3141 ad
1164 3075 1242 3140 inri-

210 3197 394 3264 tationem
414 3199 520 3266 Prisci
543 3199 691 3266 Catonis
717 3199 891 3290 pertinere
912 3195 1138 3266 crediderim.
1224 3195 1228 3206 ’

260 3320 385 3410 lgitur‚
403 3341 465 3386 seu
483 3323 557 3416 ipse
573 3343 636 3418 per
649 3343 688 3390 se
701 3317 868 3414 loquens,
885 3342 946 3387 seu
963 3315 1052 3388 alios
1066 3316 1242 3409 inducens

212 3435 415 3534 loquentes,
440 3462 480 3510 ea
500 3465 582 3510 cum
606 3446 743 3512 Catone
766 3439 876 3510 habet
899 3439 1030 3511 similia
1053 3439 1243 3526 Sallustius

211 3576 250 3630 ut
273 3566 310 3630 in
332 3561 473 3652 luxum,
497 3567 695 3650 avaritiam,
721 3561 947 3634 nobilitatem
968 3561 1171 3652 invehatur,
1204 3578 1243 3633 ut

212 3685 365 3778 majores
394 3685 593 3757 obtestetur
617 3692 825 3784 priscosque
848 3709 964 3757 mores
996 3691 1098 3757 novis
1128 3711 1244 3783 oppo-

211 3797 285 3895 nat,
312 3807 471 3905 denique
495 3816 532 3880 in
553 3810 701 3880 historia
723 3813 937 3882 «censorias
963 3814 1167 3880 notationes
1193 3808 1211 3883 s
1233 3852 1244 3862 ·

211 3934 293 4016 ciat,
311 3961 327 3995 a
349 3947 425 4020 aut,
443 3947 482 4002 ut
496 3936 544 4004 ait
556 3939 777 4018 Licinianus,
799 3948 992 4031 «tempora
1008 3931 1246 4030 reprehendat

213 4079 276 4126 sua
297 4071 330 4126 et
351 4055 479 4128 delicta
497 4073 618 4155 carpat
638 4074 672 4128 et
690 4063 851 4129 convicia
871 4062 1019 4156 ingerat.
1043 4089 1057 4122 1>
1077 4063 1158 4127 Haec
1181 4079 1246 4127 au-
