2974 4746
683 481 842 538 ..80-

253 665 270 701 α
299 662 430 708 norum
445 635 552 708 rebus
566 635 756 731 <Carmei
774 635 888 732 sqq.),
902 661 995 732 qum,
1015 649 1200 734 uteturque
1214 635 1276 709 de-

255 792 271 826 «
301 761 434 834 iensaa
452 765 535 833 riris
550 760 679 849 doctis,
698 760 805 832 nobis
831 759 996 832 noudum
1018 768 1102 834 satis
1120 777 1203 860 apta
1227 767 1276 834 ri·

254 916 271 952 ιι
300 885 424 972 detur,¹
435 884 659 983 Thucydidis
679 884 828 956 exordio
849 889 1023 982 originem
1040 884 1171 956 debere
1199 913 1275 956 sus·

252 1041 268 1078 a
298 1016 439 1110 piceus.
467 1013 630 1099 »Quum
659 1023 948 1112 anteimpraeter
968 1008 1057 1080 iliud
1089 1011 1276 1104 exordium

252 1151 284 1207 et
307 1151 428 1234 postea
440 1133 1015 1231 deThemistociedigressionem,
1040 1160 1227 1232 nunquam
1259 1159 1277 1206 a

251 1264 439 1358 proposito
469 1257 627 1329 discedat
648 1256 891 1354 Thucydides,
922 1283 1136 1355 semperque
1158 1283 1276 1328 rerum

248 1409 289 1456 ne
304 1398 508 1481 temporum
517 1380 681 1452 ordinem
699 1382 751 1478 (ι)
770 1366 1067 1478 religioseserret‚
1083 1382 1196 1453 mutto
1208 1410 1279 1454 ma·

247 1513 300 1604 gis
327 1513 364 1578 iu
396 1507 466 1577 hoc
500 1505 579 1576 ioco
606 1521 733 1602 totque
759 1506 838 1576 aliis
869 1505 1047 1595 Catilium,
1072 1508 1278 1604 ingenitae,

248 1634 500 1716 Historriuum,
516 1628 658 1700 videtur
672 1629 861 1701 Sallustius
881 1645 1025 1701 secutus
1044 1655 1120 1702 esse
1141 1657 1276 1704 morem

247 1759 407 1842 Catonis,
424 1754 530 1849 cujus
548 1757 709 1850 Origines
725 1758 803 1852 ipso
818 1759 1007 1852 proposito
1027 1758 1129 1849 quasi
1152 1780 1274 1853 perpe

248 1877 489 1976 tuaquaedam
508 1878 681 1976 digressio
700 1893 813 1950 erant.
836 1883 1003 1950 Historiae
1018 1893 1126 1965 certe,
1147 1885 1181 1949 iu
1203 1887 1278 1978 qui·

248 2003 318 2076 bus
329 2008 433 2074 toties
445 2008 648 2098 regionum,
663 2001 872 2088 dnmimrm,
889 2001 1112 2098 populorum
1123 2002 1279 2101 descrip-

249 2134 299 2200 tio
333 2127 442 2198 rebus
475 2125 708 2214 admiscetur,
742 2151 870 2196 severae
898 2125 1122 2222 Thucydidis
1145 2133 1277 2199 rationi

249 2248 341 2322 nihii
365 2249 482 2320 simile
502 2248 723 2337 habuerunt,
754 2263 788 2320 et
810 2246 930 2346 potius
954 2273 1037 2319 cum
1070 2255 1190 2348 priore
1216 2250 1277 2322 itta

248 2373 418 2444 Herodoti
448 2377 655 2444 narretione
671 2387 773 2444 erant
792 2372 1065 2470 componendae.
1082 2378 1205 2465 Quum
1227 2390 1278 2446 ta-

250 2523 330 2569 men
348 2501 436 2568 Cato
456 2501 603 2567 nomina
624 2496 760 2568 ducum
777 2521 818 2568 ex
838 2496 1274 2594 Origiuibusdetraxerit,

248 2621 456 2694 Sallustium
473 2625 509 2690 in
530 2616 767 2718 depingendis
785 2626 945 2691 virorum
963 2625 1116 2718 ingeniis
1130 2622 1275 2718 Thucy·

249 2744 342 2817 didis
365 2748 580 2816 imitatorem
600 2743 722 2834 fnisse,
739 2747 891 2842 ejusque
907 2750 989 2832 viui,
1008 2769 1173 2834 acumen,
1193 2745 1274 2817 bre·
1344 2842 1348 2848 p

222 2855 229 2868 ’
250 2877 392 2972 vitatem
418 2873 555 2968 optime
573 2873 785 2968 expressisse
809 2867 948 2940 fatebor
963 2895 979 2966 3,
994 2875 1177 2967 etiamque
1196 2895 1278 2965 sus-¹

251 2992 399 3090 picabor
422 3018 505 3063 enm
531 2982 573 3062 in
586 2991 824 3064 describenda
848 3008 946 3091 peste
964 3018 1036 3090 qua
1059 2993 1278 3064 Mithridatis

250 3121 443 3203 exercitus,
476 3121 512 3186 in
542 3116 734 3188 obsidione
765 3116 1100 3218 CyzieiaLuanO,
1127 3121 1280 3215 graviter

251 3239 427 3312 laboravit
441 3239 507 3338 (2),
522 3238 681 3312 nobilem
696 3238 919 3342 Thucydidis
931 3239 1050 3311 locum
1063 3237 1281 3311 fnisseaemu·

285 3443 322 3506 (t)
339 3437 492 3494 Notandum
502 3439 584 3494 etiam
596 3437 780 3510 Thucydidem
795 3454 845 3492 non
857 3439 935 3494 modo
946 3455 993 3511 per
1002 3437 1120 3510 singulos
1130 3455 1223 3504 annos,
1235 3439 1281 3494 sed

251 3527 333 3584 etiam
350 3545 397 3598 per
411 3527 531 3598 singulas
545 3533 654 3584 aestates
663 3525 820 3596 hiemesque
835 3527 903 3582 sarta
921 3527 1074 3598 digessisse,
1086 3527 1123 3582 ita
1138 3535 1176 3597 ut,
1188 3545 1219 3583 ex
1231 3545 1282 3582 nnn

219 3604 222 3610 ’
252 3631 281 3672 ra
291 3616 316 3670 iu
332 3617 414 3671 atium
427 3617 590 3675 transiliens,
605 3617 630 3670 iu
644 3616 762 3687 cujusvis
773 3617 939 3688 tempestatis
949 3616 1002 3672 tine
1020 3615 1161 3684 subsistat,
1174 3624 1211 3684 et,
1223 3617 1283 3672 indo

250 3721 397 3777 regressus,
412 3707 651 3762 eumdemcnrsnm
666 3705 690 3758 iu
705 3704 823 3776 proxima
837 3711 995 3776 tempestato
1009 3705 1170 3760 exordietur.
1188 3705 1284 3760 Contra

251 3811 284 3850 ex
298 3795 455 3864 segmentis
465 3796 647 3850 Historiarum
663 3801 768 3850 constat
781 3793 946 3862 Sallustium,
962 3805 1009 3866 pro
1021 3796 1150 3866 cujusque
1162 3794 1223 3850 beili
1243 3811 1283 3847 ru-

253 3884 332 3950 dore,
350 3885 526 3956 complurium
542 3901 620 3940 annor
628 3899 672 3938 um
695 3900 738 3940 res
761 3891 860 3954 gestas,
885 3889 957 3939 ardo
978 3885 1047 3938 iuter
1064 3900 1093 3938 sc
1111 3884 1283 3946 cohaerentes,

252 3973 376 4028 continua
397 3974 549 4028 narratione
570 3990 653 4044 usque
668 3973 774 4028 adeum
789 3972 883 4046 ¹locum
905 3971 1057 4041 deduxisse,
1082 3972 1125 4026 ubi
1146 3970 1283 4027 commodo

253 4068 343 4132 posset
354 4063 475 4119 subsisti.

289 4151 324 4224 (2)
345 4151 427 4208 Kritz.
442 4152 552 4224 Froput.
566 4151 599 4224 li,
613 4155 656 4223 at,
669 4156 713 4222 28,
725 4155 769 4210 29.
783 4151 892 4210 Senius
907 4152 939 4208 ed
955 4151 1029 4222 Virg.
1047 4150 1145 4224 Georp.
1158 4151 1207 4222 111,
1222 4152 1282 4208 tet.
