2974 4746
716 460 859 524 ..2-

274 641 346 716 qua
371 617 430 690 illa
445 615 552 689 nobis
568 617 722 690 clariora
738 634 773 688 et
796 615 1040 688 manifestiora
1056 615 1133 688 fieri
1150 625 1300 718 possint.

271 746 363 814 Nam
385 742 635 815 desiderantur
658 742 821 841 quidem,
846 758 971 840 praeter
994 735 1152 814 Sallustii
1183 751 1303 842 praeci·

273 893 388 966 puum
412 893 519 966 opus,
545 868 605 938 illa
625 874 772 960 Catonis
799 873 944 965 scripta,
974 893 1053 964 quae
1075 873 1302 965 potissimum

271 986 448 1063 imitanda
466 999 588 1062 noster
603 986 793 1089 delegerat,
816 1007 850 1063 et
870 1018 963 1088 quae,
982 991 1140 1090 neglecta
1161 991 1300 1090 pridem

271 1129 306 1185 et
322 1119 499 1210 ignorata,
525 1121 676 1212 primus,
695 1141 736 1187 ea
756 1122 832 1213 ipsa
847 1131 960 1202 aetate,
985 1122 1200 1212 gravissimis
1221 1117 1299 1188 lau·

270 1235 380 1309 dibus
408 1237 554 1328 extulit,
581 1254 615 1308 et
634 1238 828 1336 aequalium
854 1265 1004 1310 suorum
1031 1237 1166 1333 (forsan
1188 1247 1300 1337 ipsius

269 1361 455 1458 Sallustii),
493 1360 724 1434 admirationi
757 1367 948 1460 proposuit
979 1368 1131 1434 Cicero:
1164 1363 1299 1434 scilicet
1349 1379 1350 1384 ’

269 1492 464 1575 orationes,
490 1513 644 1584 quarunt
673 1488 812 1558 Tullius
835 1486 990 1584 amplius
1015 1503 1161 1558 centum
1187 1493 1296 1584 quin·

268 1616 441 1708 quaginta
459 1636 495 1682 se
519 1611 645 1707 legisse
659 1611 782 1682 scribit
800 1611 867 1707 (r),
885 1625 919 1680 et
942 1615 1113 1706 Origines,
1135 1637 1225 1708 quas
1244 1619 1294 1681 in·

268 1740 418 1822 teriisse,
454 1761 569 1831 quum
601 1735 769 1822 historiae,
807 1749 884 1805 tum
927 1735 1127 1806 litterarum
1173 1760 1293 1822 causa,

265 1861 394 1930 acerbe
412 1859 612 1930 dolendum
632 1875 696 1932 est.
723 1865 870 1930 Exstant
885 1875 1003 1930 tamen
1024 1875 1059 1930 et
1086 1865 1293 1931 orationum

266 1997 300 2052 et
319 1986 504 2078 Originum
523 1978 737 2079 fragmenta,
762 1987 933 2079 [raticiora
954 1981 1123 2078 quidem,
1150 1999 1182 2053 et
1204 2009 1293 2082 prae·

191 2151 192 2154 =
265 2111 400 2195 sertim,
414 2109 440 2174 si
455 2105 635 2176 nonnulla
653 2109 822 2202 excipiaS,
844 2105 1009 2176 breviora
1029 2121 1062 2176 et
1075 2111 1268 2178 minutiora
1282 2134 1290 2194 ;

264 2227 325 2299 sed
349 2254 506 2325 quorum
528 2227 699 2325 pleraque
721 2228 763 2298 ad
794 2229 1126 2324 recognoscendum
1146 2235 1293 2301 Catonis

263 2376 480 2439 serruonem,
504 2367 539 2422 et
560 2366 676 2423 totum
701 2351 845 2423 dicendi
864 2375 977 2448 genus
1000 2377 1040 2422 ao
1062 2351 1235 2442 colorem,
1258 2369 1293 2425 et

263 2481 436 2548 oratorias
456 2480 602 2546 virtutes
617 2481 811 2574 ipsumque
830 2481 1015 2572 ingenium
1036 2476 1191 2546 multum
1213 2502 1279 2574 pro

262 2599 352 2688 sint;
372 2605 419 2672 ita
435 2614 475 2670 ut
492 2599 749 2670 historicorum
762 2599 909 2696 judiciis
923 2599 1122 2698 plurimum
1137 2601 1287 2687 addant,

261 2741 295 2797 et
325 2731 454 2821 quiea
479 2748 553 2793 non
578 2709 714 2820 legerit,
740 2747 859 2795 veram
877 2723 1106 2796 illustrissimi
1131 2741 1165 2797 et
1191 2726 1288 2824 apud

259 2854 442 2920 Romanos
471 2852 641 2945 praecipui
667 2853 734 2917 viri
761 2845 917 2944 effigiem
942 2847 1011 2918 sibi
1037 2863 1289 2946 repraesentare

263 2999 338 3044 non
359 2979 483 3071 possit.
515 2977 630 3071 igitur
643 2971 706 3043 illa
734 2972 822 3042 inibi
842 2978 926 3042 satis
950 2971 1108 3068 amplam
1131 2986 1287 3043 tractan·
1353 2970 1356 2978 ’

259 3097 313 3169 dae
351 3123 436 3168 meae
464 3102 673 3194 quaestionis
705 3102 891 3166 materiam
925 3092 1210 3180 ministrabunt3
1245 3121 1286 3168 ac

257 3221 340 3310 (nisi
357 3221 493 3318 fallor),
509 3245 714 3319 percorum
730 3225 992 3317 inspectionem
1009 3233 1042 3289 et
1058 3245 1140 3290 cum
1159 3219 1286 3290 Sallus·

256 3351 295 3416 tii
322 3352 464 3444 scriptis
486 3361 548 3416 ant
572 3345 782 3442 fragmentis
816 3353 1137 3443 comparationem,
1162 3344 1284 3416 licebit

254 3475 406 3569 proprio
430 3470 571 3567 judicio
590 3467 784 3542 decernere
811 3468 960 3567 adquae
986 3475 1198 3566 pertinuerit
1224 3468 1281 3540 illa

232 3599 402 3666 .Catonis
425 3599 579 3666 imitatio
607 3600 712 3665 toties
735 3599 901 3690 scriptori
920 3593 1149 3693 exprobrata,
1172 3617 1282 3688 quam

256 3739 341 3788 vero
365 3717 465 3805 inde,
487 3743 562 3788 non
585 3723 622 3787 in
651 3717 769 3788 verbis
790 3731 946 3806 tantum,
960 3716 1020 3787 sed
1041 3722 1077 3785 in
1097 3731 1173 3786 toto
1196 3721 1281 3786 seri·

251 3838 363 3912 bendi
394 3854 519 3912 tenore
539 3845 699 3937 ipsisque
727 3846 924 3931 sententiis,
959 3854 994 3910 et
1019 3838 1282 3939 componendae

284 4119 319 4190 (t)
340 4118 448 4188 Brutus,
464 4121 507 4176 u.
