2974 4746
646 411 804 468 ..83-

214 627 370 706 nemque
390 601 481 702 fugit
512 627 682 701 magnum
709 617 888 674 oratorem
912 627 984 674 non
1016 606 1092 674 sine
1118 599 1242 699 aliquo

212 733 323 804 animi
339 727 480 818 dolore,
493 731 528 799 in
545 731 659 800 Bruto
674 742 706 798 et
726 731 886 817 Oratore,
902 725 1071 800 adversus
1084 730 1178 799 viros
1193 741 1244 798 at·

214 859 308 941 licae,
333 868 373 926 ut
395 851 577 942 volebant,
594 851 804 924 subtilitatis
826 852 1006 925 studiosos
1028 852 1242 954 eloquentiae

213 1005 285 1052 suae
310 1003 453 1053 eausam
481 975 695 1050 defendisse.
715 977 870 1050 Sallustii
902 994 1020 1050 antem
1050 975 1243 1052 consilinm

213 1127 288 1178 non
305 1102 489 1177 damnavit
501 1117 661 1176 eventus.
678 1105 768 1175 Nam
782 1127 911 1200 magna
934 1107 1052 1176 statim
1072 1117 1106 1175 et
1124 1107 1245 1206 praeci·

214 1252 285 1330 pua
302 1229 380 1326 ejus
395 1223 489 1298 fama
502 1231 647 1320 exstitit,
663 1233 815 1325 eamque
833 1231 909 1326 ipsa
933 1225 1138 1298 invidorum
1162 1252 1246 1300 con·

216 1349 372 1425 firmavit
390 1347 616 1424 obtrectatio.
634 1353 705 1441 Qui
720 1377 805 1423 vero
827 1358 986 1442 Catonis,
1009 1350 1245 1452 Thucydidis,

215 1477 544 1572 Deruosllrenisque
563 1473 678 1546 fuerat
696 1479 867 1566 imitator,
890 1503 972 1547 mox
989 1476 1063 1576 ipse
1078 1502 1163 1548 suos
1186 1476 1247 1548 ha·

218 1597 297 1670 buit
322 1598 535 1670 imitatores.
555 1605 682 1671 Praerer
707 1604 803 1669 enim
823 1599 1015 1688 Velleium,
1031 1615 1065 1670 et
1089 1598 1246 1670 Plinium

217 1723 403 1819 majorem,
424 1738 459 1793 et
486 1725 669 1810 Tacitum,
700 1726 762 1819 qui
787 1748 950 1820 magnam
983 1748 1067 1794 sane
1090 1722 1246 1795 Sallustii

214 1849 354 1946 scriptis
375 1868 523 1946 operam·
544 1845 741 1936 dederant,
763 1863 797 1918 et
826 1874 900 1918 non
924 1873 1039 1947 pauca
1059 1855 1091 1920 ei
1118 1849 1244 1920 similia

214 1969 364 2055 habent,
380 1995 421 2041 ex
445 1973 577 2042 Seneca
590 1986 732 2043 constat
749 1976 935 2062 exstitisse,
963 1987 1062 2043 atate
1080 1976 1243 2070 Augusti,

214 2100 408 2194 scriptores
430 2093 680 2183 Sallustianos,
700 2098 793 2167 inter
813 2122 908 2193 quos
926 2095 986 2168 ille
1009 2100 1244 2185 Arruntium,

213 2225 452 2290 Historiarum
478 2216 565 2289 belli
601 2223 726 2290 Punici
759 2235 968 2308 auctorem,
1001 2226 1116 2320 carpit
1145 2221 1244 2318 quod

217 2373 234 2408 a
263 2358 456 2442 amputata.
467 2347 662 2433 sententiae,
673 2358 707 2413 et
719 2343 826 2414 verba
840 2359 921 2416 ante
934 2357 1177 2442 exspectatum
1187 2369 1244 2416 ca·

217 2498 233 2530 α
263 2466 398 2558 dentia,
432 2482 465 2536 et
497 2466 654 2537 obscura
678 2465 836 2538 brevitas
864 2474 896 2538 ei
923 2466 1057 2539 fuerint
1077 2493 1145 2566 pro
1172 2467 1246 2539 cul·

217 2617 234 2652 (t
261 2603 300 2660 tu
319 2589 386 2686 (Ι).
413 2621 428 2654 a

262 2717 482 2812 Quanquam
506 2730 625 2784 amem
639 2719 722 2786 vitia
736 2712 796 2786 illa
808 2714 958 2812 (quibus
970 2715 1241 2814 ipseabundat),

216 2851 249 2908 et
271 2837 331 2909 hic
350 2853 385 2910 et
400 2836 484 2909 alias
495 2837 733 2936 reprehendat
750 2841 896 2928 Seneca,
914 2842 1044 2910 mansit
1061 2837 1125 2910 diu
1140 2865 1180 2910 ac
1193 2840 1242 2910 vi·

213 2967 289 3056 gnit
311 2987 388 3033 mos
409 2961 469 3034 ille
484 2960 663 3033 scribendi
678 2989 687 3048 ;
715 2967 845 3032 mansit
860 2968 971 3060 gratia
986 2961 1143 3034 Sallustii
1160 2990 1242 3036 cum

214 3090 359 3156 Catonis
386 3086 506 3158 studio
531 3111 671 3184 semper
701 3111 878 3158 crescens.
905 3089 1076 3158 Exstitere
1109 3087 1242 3159 tributa

215 3207 350 3279 rhetori
377 3214 524 3281 Arrnsio
553 3215 671 3282 Messo
690 3236 730 3282 ac
754 3209 885 3282 deinde
913 3214 1022 3281 Corn.
1046 3215 1239 3297 Frontoni,

214 3337 360 3403 Catonis
390 3335 565 3430 imprimis
593 3339 763 3421 amatori,
791 3331 1088 3405 Sallustianorum
1113 3358 1241 3403 vocum

213 3454 556 3550 collectaneabjus
588 3470 708 3527 autem
739 3461 871 3553 scripta
901 3462 936 3525 in
967 3480 1119 3552 graecum
1145 3482 1242 3528 versa

249 3809 285 3879 (t)
295 3808 384 3880 Epist.
396 3811 424 3863 tt
433 3809 458 3878 l,
473 3813 516 3865 ts.
527 3829 540 3860 α
551 3809 675 3864 Sallustio
688 3809 805 3880 vigente,
818 3813 1244 3882 amputaiaesententiae,etvmba

213 3903 274 3952 ante
281 3904 465 3968 exspectatum
474 3897 607 3965 cadentia,
617 3903 645 3952 el
654 3897 767 3954 obscura
780 3897 898 3953 brevitas
907 3898 980 3954 lucre
991 3915 1038 3969 pro
1049 3899 1132 3954 cultu.
1144 3902 1244 3955 Arrun-

212 3992 273 4052 tus,
291 3986 331 4039 vir
346 4003 414 4043 rarae
436 3986 604 4058 frugalitatis,
627 3986 672 4057 qui
696 3986 831 4041 Historias
854 3985 917 4040 betti·
935 3988 1031 4041 Punici
1052 3990 1175 4061 scripsit,
1194 3991 1244 4044 fnit

212 4075 390 4131 Sallustianus
400 4085 426 4132 et
440 4078 465 4132 in
481 4077 542 4132 illud
559 4093 643 4148 genus
656 4077 773 4132 nitense
