2974 4746
697 453 860 520 „14-

259 607 339 682 Non
357 619 498 682 tautum
513 617 610 683 enim
628 612 770 685 codices
798 611 954 686 multum
984 620 1076 686 mter
1103 639 1139 688 se
1158 614 1288 689 diversi

258 749 363 826 sunt;
396 735 532 808 sedvel
557 743 592 808 in
619 737 746 810 eodem
767 737 892 811 codice
915 738 1010 811 idem
1036 741 1185 814 verbum
1213 757 1287 816 'non

257 858 419 930 eamdem
438 857 575 957 ubique
590 868 718 958 rentiet
733 860 900 935 formam.
925 865 1031 956 Quod
1049 874 1185 939 notavit
1198 895 1291 966 quo-

256 1005 328 1079 que
343 987 378 1052 in
402 981 553 1080 Virgilio
569 979 708 1057 Gellius
735 985 805 1082 (1)
824 979 913 1057 lium
932 994 1093 1060 enimait
1119 1017 1217 1063 nuuc
1232 1003 1287 1062 ur-

256 1103 329 1193 bes,
352 1131 450 1179 nunc
472 1107 585 1198 urbis,
601 1130 700 1182 nunc
717 1125 799 1202 tres,
825 1135 924 1184 nune
940 1106 1000 1184 tris
1017 1119 1214 1213 scripsisse,
1230 1117 1286 1212 ju-

254 1229 458 1330 dicatque,
489 1237 526 1303 in
569 1237 612 1305 iis
653 1237 988 1333 «interrogandam
1019 1262 1093 1310 esse
1127 1262 1284 1331 aurem,

257 1388 274 1422 «
292 1372 410 1454 neque
425 1357 652 1456 spectandas,
667 1364 705 1432 ul
716 1361 910 1457 quemdam
928 1363 1086 1434 Probum
1100 1363 1286 1436 Valerium

257 1499 273 1545 a
293 1481 377 1552 lacit
395 1480 588 1573 dicentem,
601 1484 853 1582 prwmrzet'dos
872 1485 1285 1583 illasgrummolt'eorum

257 1595 479 1703 «fluctiones,
494 1637 510 1672 »
526 1600 706 1681 Necaliud
721 1623 843 1679 monet
854 1617 1108 1706 grammaticus
1124 1617 1286 1684 Consen-

254 1735 326 1802 tius
343 1731 397 1828 (a)
421 1759 427 1801 :
450 1762 466 1796 α
484 1737 576 1803 Saue
592 1729 755 1829 plerique
771 1748 897 1804 omnes
910 1733 975 1806 has
988 1761 1093 1807 voces
1117 1758 1198 1832 quae
1224 1750 1284 1832 gc·

255 1887 271 1920 α
302 1862 455 1926 nitivum
484 1862 522 1927 in
543 1861 615 1927 ium
638 1863 799 1948 mittunt,
828 1853 955 1930 dicunt
983 1867 1088 1930 etiam
1109 1865 1283 1932 accusati-

255 2011 270 2044 «
301 2006 385 2051 vum
407 1979 583 2078 pluralem
610 1986 646 2052 in
668 1987 696 2052 t's
719 1985 872 2071 mittere,
903 1998 942 2054 ut
964 1984 1031 2054 laos
1044 1992 1192 2082 puppes,
1220 1983 1286 2054 laos

255 2135 271 2168 a
299 2111 439 2191 montis,
460 2120 543 2192 ete,
563 2101 675 2176 sedin
687 2103 758 2176 hoc
779 2131 929 2202 quoque
947 2107 1130 2204 sequenda
1155 2108 1285 2206 euplw·
1342 2133 1343 2139 ¹

255 2261 269 2295 a
300 2235 385 2318 nia,
411 2227 601 2328 plerasque
634 2233 729 2300 enlm
761 2254 802 2300 ex
829 2229 1001 2301 omnibus
1041 2236 1115 2301 istis
1150 2232 1282 2330 regulis

255 2387 271 2419 a
300 2353 565 2425 cousuetudine
591 2359 1006 2426 ceruimusimuuttatas.
1040 2386 1056 2420 >2
1079 2355 1172 2440 Quid
1198 2381 1283 2452 ergo

252 2475 359 2548 uobis
374 2485 549 2576 superesi,
563 2482 630 2548 nisi
641 2475 842 2550 cavendum
865 2477 1129 2576 nequidquam
1151 2493 1283 2552 temere

76 2633 79 2642 ·
142 2657 144 2661 v
252 2607 527 2692 constituamus,
544 2589 918 2700 dicendumqueillud
941 2590 1199 2676 Terentianum
1223 2633 1230 2675 ε

377 2819 455 2887 liare,
468 2833 529 2892 quae
544 2833 588 2875 ras
599 2819 627 2874 in
639 2835 669 2876 se
682 2833 770 2891 aequa
781 2819 932 2891 consilium,
946 2833 1034 2893 neque
1049 2823 1158 2880 morium

375 2909 463 2964 Habet
476 2908 568 2978 ullum,
583 2924 643 2964 eam
656 2909 766 2964 consilio
778 2925 872 2979 regere
885 2927 938 2966 uon
952 2918 1028 2982 potes
1042 2910 1086 2982 (3).

299 3081 372 3151 Nec
391 3074 490 3147 uliud
514 3073 632 3146 forsan
664 3074 836 3145 concludi
862 3085 980 3174 potest
997 3082 1035 3146 in
1051 3082 1094 3147 iis
1108 3093 1189 3174 quae
1207 3076 1283 3148 Sal·

251 3202 380 3274 lustius
403 3215 528 3272 contra
550 3214 708 3295 receptas
734 3204 974 3296 gratnmaticae'
990 3199 1096 3296 leges,
1129 3208 1281 3298 repetito

251 3341 410 3398 veterum
452 3346 566 3408 more,
613 3328 794 3421 scripsisse
836 3323 1007 3396 ereditur.
1058 3329 1144 3396 Sero
1185 3331 1281 3396 enim

251 3466 353 3522 certae
366 3447 515 3521 fuerunt
533 3454 705 3519 Romanis
717 3445 862 3518 dicendi
881 3447 1033 3544 regulae3
1053 3447 1189 3544 quibus
1215 3464 1283 3520 sta·

228 3591 229 3596 ’
250 3574 394 3646 tuendis
413 3579 519 3643 etiam
538 3595 685 3668 operam
702 3568 802 3640 dedit
814 3571 998 3642 Lucilius
991 3597 1026 3641 m
1045 3595 1139 3642 nona
1158 3578 1279 3661 satira,

250 3725 343 3798 quae,
367 3697 422 3769 vel
436 3703 610 3769 Crcerone
638 3686 793 3790 vigente,
821 3693 975 3766 dubiaef
975 3701 1066 3766 uisse
1096 3690 1280 3771 videntur.
1329 3745 1332 3749 ι

286 3951 320 4025 (l)
341 3949 420 4007 Noai.
437 3945 635 4014 attitulat.

287 4046 323 4108 (t)
341 4041 372 4096 P.
387 4041 468 4097 atto.

287 4135 324 4202 (3)
344 4130 482 4198 Eanum,
498 4131 541 4184 57.
