2974 4746
695 485 854 544 ...[18-

262 640 391 713 debitae
412 663 519 741 paam
544 644 779 738 ignominiam
806 639 996 738 effugisse,
1018 666 1128 739 qnam
1155 657 1290 742 partem
1342 651 1345 654 ’

263 766 389 865 praedae
406 762 733 862 judicilaigiendol
757 767 963 855 Quisetiam
977 765 1156 838 nescitilla
1172 773 1293 865 priscae

265 896 484 990 paupertatis
500 894 691 988 praeconia,
721 888 800 959 illas
821 889 969 961 luxuriae
984 915 1134 962 snorum
1162 897 1294 987 gravis·

265 1021 373 1086 simas
398 1019 661 1100 insectationes,
691 1016 727 1083 in
751 1011 1115 1108 magnificentissimis
1134 1013 1291 1102 aedibus,

267 1164 358 1237 quas
379 1138 448 1210 sibi
476 1137 664 1210 Sallustius
687 1161 728 1208 ex
752 1136 912 1208 'fortunis
934 1161 1020 1209 sane
1035 1138 1236 1209 Africorurn
1257 1143 1292 1208 in

267 1279 389 1340 moute
402 1261 579 1354 Quirinali
602 1257 830 1332 redificaudas
847 1277 1043 1350 curaverat,
1062 1267 1155 1332 inter
1164 1263 1295 1357 jucun·

266 1389 433 1460 dissimos
455 1387 592 1473 bortos,
611 1389 797 1484 praecipuis
818 1388 949 1455 artium
972 1390 1216 1456 monumentis
1235 1385 1294 1455 de·

266 1529 424 1602 comtos,
441 1509 662 1583 circumfuso
685 1509 822 1606 ubique
841 1509 929 1580 luxu
946 1511 1191 1606 ontuibusque
1212 1507 1296 1580 deli·

268 1641 343 1725 ciis,
361 1635 468 1706 fuisse
480 1633 725 1733 compositas?
902 1711 906 1718 ⁴

315 1758 381 1830 Sed
406 1764 558 1830 maxime
576 1763 612 1828 in
639 1756 864 1845 nobilitatem
884 1757 1084 1842 invehitur,
1106 1755 1209 1850 cujus
1229 1778 1294 1853 po·

268 1871 443 1953 tissimum
466 1881 635 1952 notandae
659 1905 764 1952 cansa
789 1879 931 1952 videtur
951 1879 1088 1950 bellum
1107 1878 1294 1976 Jngnrthi·

269 2033 356 2077 num
385 2005 605 2106 narrandum
633 2011 843 2104 suscepisse.
885 2007 966 2076 Non
1002 2010 1097 2076 euim
1133 2023 1215 2074 eum
1249 2003 1293 2074 ad

268 2129 501 2202 scribendum
523 2128 667 2226 impulit
682 2127 781 2226 qnod
809 2133 931 2225 ignota
954 2133 1029 2198 suis
1048 2132 1159 2224 regio,
1183 2131 1295 2224 ignoti

268 2270 302 2324 et
329 2252 465 2325 insoliti
495 2259 609 2350 gentis
625 2275 755 2342 mores,
778 2267 812 2322 et
832 2277 924 2324 nora
951 2257 1103 2322 omnino
1129 2251 1298 2322 adversus

269 2402 348 2448 ram
361 2375 521 2448 bellandi
543 2380 634 2446 ratio
651 2374 807 2470 legentes
826 2375 1004 2446 delectare
1024 2387 1204 2472 polemon
1235 2387 1297 2443 aut

269 2498 371 2598 quod
389 2505 471 2599 ipsi,
493 2503 656 2570 locorum
676 2515 710 2571 et
722 2499 912 2569 hominum
929 2503 1068 2586 scienti,
1087 2501 1296 2568 memoriam

270 2623 356 2696 belli
381 2623 596 2696 nobilissimi
617 2629 653 2694 in
681 2627 756 2721 ipsa
780 2628 925 2718 regione
944 2621 1094 2692 licuerat
1117 2619 1295 2716 colligere.

268 2753 362 2847 Ipse,
381 2751 484 2820 initio
504 2747 602 2839 libri,
617 2747 773 2819 diversas
790 2745 896 2844 plane
910 2743 996 2816 belli
1010 2741 1192 2815 scribendi
1212 2767 1297 2814 can·

268 2897 324 2944 sas
343 2871 533 2972 profitetur
560 2900 567 2943 :
596 2876 792 2943 «Primum
821 2874 907 2967 quia
941 2893 1109 2966 magnum
1135 2884 1169 2939 et
1195 2883 1297 2938 atrox

273 3025 290 3060 α
318 3002 489 3092 variaque
521 2970 668 3067 fortuna
691 2993 773 3083 fuit,
799 2993 881 3064 dein
911 2999 997 3091 quia
1025 3007 1112 3064 tuuc
1140 2997 1297 3090 primum

272 3149 296 3224 a
317 3119 493 3218 superbiae
511 3118 711 3190 nobilitatis
734 3117 879 3189 obviam
911 3123 1000 3187 itum
1021 3131 1074 3186 est
1098 3115 1151 3210 (r)
1180 3147 1195 3181 n
1225 3117 1299 3185 Nec

217 3331 219 3336 ι
268 3244 425 3343 amplior
450 3267 535 3316 sane
563 3239 779 3316 infamandae
813 3240 1014 3312 nobilitatis
1047 3238 1128 3335 eligi
1161 3251 1300 3334 poterat.

270 3373 432 3458 materia,
451 3393 565 3464 quum
584 3365 762 3438 narranda
775 3345 866 3437 esset
889 3367 1087 3461 ignominia
1105 3375 1139 3431 et
1158 3364 1300 3434 inscitia
1346 3419 1348 3424 .

268 3506 322 3564 tot
347 3491 560 3588 legatorum,
583 3507 791 3590 praetorum,
822 3487 1032 3577 consulum,
1054 3511 1148 3583 qnos
1171 3489 1301 3581 lugur-

268 3616 339 3688 tliae
353 3633 414 3688 aut
434 3640 563 3688 aurum
589 3621 773 3714 corrupit,
792 3629 853 3686 aut
869 3613 976 3686 dolus
994 3613 1123 3708 jugum
1150 3623 1184 3680 et
1203 3607 1299 3678 iudi·

267 3765 355 3838 gnas
376 3745 473 3840 pacis
486 3739 714 3813 conditiones
739 3744 811 3838 pati
839 3741 967 3834 coegit.
994 3740 1083 3828 Qnae
1105 3732 1237 3827 flagitia
1257 3735 1298 3801 L.

267 3870 416 3963 Opimii,
450 3869 512 3934 riri
534 3863 635 3934 obC.
650 3861 803 3934 Gracchi
825 3887 948 3933 necem
969 3861 1301 3951 atrocissimamque

306 4156 343 4227 (ll
361 4155 465 4225 lumb.
