<?xml version="1.0" encoding="UTF-8"?>
<!DOCTYPE html PUBLIC "-//W3C//DTD XHTML 1.0 Transitional//EN"
    "http://www.w3.org/TR/xhtml1/DTD/xhtml1-transitional.dtd">
<html xmlns="http://www.w3.org/1999/xhtml" xml:lang="en" lang="en">
 <head>
  <title>
</title>
<meta http-equiv="Content-Type" content="text/html;charset=utf-8" />
  <meta name='ocr-system' content='tesseract 3.04.00' />
  <meta name='ocr-capabilities' content='ocr_page ocr_carea ocr_par ocr_line ocrx_word'/>
</head>
<body>
  <div class='ocr_page' id='page_1' title='image "./desallustiocato00deltgoog_0022.png"; bbox 0 0 2974 4746; ppageno 0'>
   <div class='ocr_carea' id='block_1_1' title="bbox 651 473 787 531">
    <p class='ocr_par' dir='ltr' id='par_1_1' title="bbox 651 473 787 531">
     <span class='ocr_line' id='line_1_1' title="bbox 651 473 787 531; baseline 0.007 -16"><span class='ocrx_word' id='word_1_1' title='bbox 651 473 787 531; x_wconf 81' lang='lat'>..9..</span> 
     </span>
    </p>
   </div>
   <div class='ocr_carea' id='block_1_2' title="bbox 203 625 1328 3205">
    <p class='ocr_par' dir='ltr' id='par_1_2' title="bbox 203 625 1234 978">
     <span class='ocr_line' id='line_1_2' title="bbox 203 625 1234 726; baseline -0.005 -24"><span class='ocrx_word' id='word_1_2' title='bbox 203 645 236 702; x_wconf 87' lang='lat' dir='ltr'>et</span> <span class='ocrx_word' id='word_1_3' title='bbox 252 628 365 702; x_wconf 83' lang='lat' dir='ltr'>elfetae</span> <span class='ocrx_word' id='word_1_4' title='bbox 376 655 419 702; x_wconf 84' lang='lat' dir='ltr'>ex</span> <span class='ocrx_word' id='word_1_5' title='bbox 433 633 558 699; x_wconf 86' lang='lat' dir='ltr'>veteris</span> <span class='ocrx_word' id='word_1_6' title='bbox 571 633 747 699; x_wconf 86' lang='lat' dir='ltr'>sermonis</span> <span class='ocrx_word' id='word_1_7' title='bbox 763 625 962 700; x_wconf 86' lang='lat' dir='ltr'>verecunda</span> <span class='ocrx_word' id='word_1_8' title='bbox 976 642 1010 698; x_wconf 89' lang='lat' dir='ltr'>et</span> <span class='ocrx_word' id='word_1_9' title='bbox 1023 642 1105 726; x_wconf 87' lang='lat' dir='ltr'>apta</span> <span class='ocrx_word' id='word_1_10' title='bbox 1130 649 1234 700; x_wconf 85' lang='lat' dir='ltr'>usur·</span> 
     </span>
     <span class='ocr_line' id='line_1_3' title="bbox 204 750 1234 852; baseline -0.001 -30"><span class='ocrx_word' id='word_1_11' title='bbox 204 761 351 852; x_wconf 84' lang='lat' dir='ltr'>palione</span> <span class='ocrx_word' id='word_1_12' title='bbox 382 753 577 851; x_wconf 87' lang='lat' dir='ltr'>plurimum</span> <span class='ocrx_word' id='word_1_13' title='bbox 609 753 742 823; x_wconf 86' lang='lat' dir='ltr'>coluris</span> <span class='ocrx_word' id='word_1_14' title='bbox 777 768 811 822; x_wconf 91' lang='lat' dir='ltr'>et</span> <span class='ocrx_word' id='word_1_15' title='bbox 840 758 958 838; x_wconf 85' lang='lat' dir='ltr'>succi,</span> <span class='ocrx_word' id='word_1_16' title='bbox 999 767 1033 822; x_wconf 86' lang='lat' dir='ltr'>et</span> <span class='ocrx_word' id='word_1_17' title='bbox 1070 750 1234 848; x_wconf 69' lang='lat' dir='ltr'>quasdam</span> 
     </span>
     <span class='ocr_line' id='line_1_4' title="bbox 206 879 961 978; baseline -0.001 -27"><span class='ocrx_word' id='word_1_18' title='bbox 206 886 310 978; x_wconf 85' lang='lat' dir='ltr'>quasi</span> <span class='ocrx_word' id='word_1_19' title='bbox 323 883 477 976; x_wconf 85' lang='lat' dir='ltr'>juventae</span> <span class='ocrx_word' id='word_1_20' title='bbox 496 879 656 951; x_wconf 76' lang='lat' dir='ltr'>viriditas</span> <span class='ocrx_word' id='word_1_21' title='bbox 675 879 845 952; x_wconf 77' lang='lat' dir='ltr'>accedere</span> <span class='ocrx_word' id='word_1_22' title='bbox 860 880 961 950; x_wconf 88' lang='lat' dir='ltr'>solet.</span> 
     </span>
    </p>

    <p class='ocr_par' dir='ltr' id='par_1_3' title="bbox 205 1004 1328 3205">
     <span class='ocr_line' id='line_1_5' title="bbox 252 1004 1233 1101; baseline -0.005 -26"><span class='ocrx_word' id='word_1_23' title='bbox 252 1009 333 1075; x_wconf 91' lang='lat' dir='ltr'>Non</span> <span class='ocrx_word' id='word_1_24' title='bbox 355 1004 397 1075; x_wconf 94' lang='lat' dir='ltr'>ad</span> <span class='ocrx_word' id='word_1_25' title='bbox 427 1004 534 1074; x_wconf 70' lang='lat' dir='ltr'>urba</span> <span class='ocrx_word' id='word_1_26' title='bbox 555 1029 639 1075; x_wconf 89' lang='lat' dir='ltr'>veru</span> <span class='ocrx_word' id='word_1_27' title='bbox 668 1005 875 1101; x_wconf 84' lang='lat' dir='ltr'>liguresque</span> <span class='ocrx_word' id='word_1_28' title='bbox 895 1018 1036 1074; x_wconf 90' lang='lat' dir='ltr'>tantum</span> <span class='ocrx_word' id='word_1_29' title='bbox 1059 1006 1233 1100; x_wconf 77' lang='lat' dir='ltr'>pertinuit</span> 
     </span>
     <span class='ocr_line' id='line_1_6' title="bbox 205 1109 1235 1226; baseline -0.003 -29"><span class='ocrx_word' id='word_1_30' title='bbox 205 1128 266 1199; x_wconf 88' lang='lat' dir='ltr'>illa</span> <span class='ocrx_word' id='word_1_31' title='bbox 293 1109 441 1200; x_wconf 87' lang='lat' dir='ltr'>Catonis</span> <span class='ocrx_word' id='word_1_32' title='bbox 470 1133 634 1198; x_wconf 87' lang='lat' dir='ltr'>imitatio.</span> <span class='ocrx_word' id='word_1_33' title='bbox 666 1133 751 1198; x_wconf 84' lang='lat' dir='ltr'>Eam</span> <span class='ocrx_word' id='word_1_34' title='bbox 782 1152 835 1198; x_wconf 88' lang='lat' dir='ltr'>res</span> <span class='ocrx_word' id='word_1_35' title='bbox 858 1133 953 1226; x_wconf 89' lang='lat' dir='ltr'>ipsas</span> <span class='ocrx_word' id='word_1_36' title='bbox 978 1144 1011 1197; x_wconf 92' lang='lat' dir='ltr'>et</span> <span class='ocrx_word' id='word_1_37' title='bbox 1042 1132 1235 1198; x_wconf 87' lang='lat' dir='ltr'>sententias</span> 
     </span>
     <span class='ocr_line' id='line_1_7' title="bbox 206 1249 1235 1348; baseline -0.003 -25"><span class='ocrx_word' id='word_1_38' title='bbox 206 1251 431 1348; x_wconf 85' lang='lat' dir='ltr'>complexam</span> <span class='ocrx_word' id='word_1_39' title='bbox 459 1251 567 1321; x_wconf 85' lang='lat' dir='ltr'>fuisse</span> <span class='ocrx_word' id='word_1_40' title='bbox 589 1249 764 1321; x_wconf 88' lang='lat' dir='ltr'>testantur</span> <span class='ocrx_word' id='word_1_41' title='bbox 793 1257 871 1347; x_wconf 83' lang='lat' dir='ltr'>qui,</span> <span class='ocrx_word' id='word_1_42' title='bbox 900 1251 986 1322; x_wconf 91' lang='lat' dir='ltr'>dum</span> <span class='ocrx_word' id='word_1_43' title='bbox 1012 1257 1235 1322; x_wconf 84' lang='lat' dir='ltr'>severitatem</span> 
     </span>
     <span class='ocr_line' id='line_1_8' title="bbox 207 1373 1238 1476; baseline -0.002 -33"><span class='ocrx_word' id='word_1_44' title='bbox 207 1374 303 1445; x_wconf 87' lang='lat' dir='ltr'>illam</span> <span class='ocrx_word' id='word_1_45' title='bbox 325 1378 500 1445; x_wconf 87' lang='lat' dir='ltr'>orationis</span> <span class='ocrx_word' id='word_1_46' title='bbox 518 1390 551 1444; x_wconf 91' lang='lat' dir='ltr'>et</span> <span class='ocrx_word' id='word_1_47' title='bbox 569 1380 812 1476; x_wconf 79' lang='lat' dir='ltr'>gravissimam</span> <span class='ocrx_word' id='word_1_48' title='bbox 840 1379 980 1443; x_wconf 86' lang='lat' dir='ltr'>virtutis</span> <span class='ocrx_word' id='word_1_49' title='bbox 1008 1373 1238 1471; x_wconf 84' lang='lat' dir='ltr'>praedicatio·</span> 
     </span>
     <span class='ocr_line' id='line_1_9' title="bbox 208 1496 1239 1583; baseline -0.002 -15"><span class='ocrx_word' id='word_1_50' title='bbox 208 1523 290 1568; x_wconf 89' lang='lat' dir='ltr'>uem</span> <span class='ocrx_word' id='word_1_51' title='bbox 310 1523 392 1568; x_wconf 86' lang='lat' dir='ltr'>curu</span> <span class='ocrx_word' id='word_1_52' title='bbox 420 1503 488 1568; x_wconf 83' lang='lat' dir='ltr'>rita</span> <span class='ocrx_word' id='word_1_53' title='bbox 508 1512 542 1567; x_wconf 90' lang='lat' dir='ltr'>et</span> <span class='ocrx_word' id='word_1_54' title='bbox 568 1496 732 1568; x_wconf 87' lang='lat' dir='ltr'>muribus</span> <span class='ocrx_word' id='word_1_55' title='bbox 758 1497 917 1568; x_wconf 85' lang='lat' dir='ltr'>huminis</span> <span class='ocrx_word' id='word_1_56' title='bbox 942 1496 1152 1583; x_wconf 87' lang='lat' dir='ltr'>conferunt,</span> <span class='ocrx_word' id='word_1_57' title='bbox 1181 1521 1239 1567; x_wconf 84' lang='lat' dir='ltr'>eas</span> 
     </span>
     <span class='ocr_line' id='line_1_10' title="bbox 208 1620 1236 1720; baseline -0.002 -27"><span class='ocrx_word' id='word_1_58' title='bbox 208 1623 334 1693; x_wconf 88' lang='lat' dir='ltr'>eodem</span> <span class='ocrx_word' id='word_1_59' title='bbox 350 1627 497 1692; x_wconf 84' lang='lat' dir='ltr'>Catonis</span> <span class='ocrx_word' id='word_1_60' title='bbox 516 1620 709 1692; x_wconf 76' lang='lat' dir='ltr'>aemulandi</span> <span class='ocrx_word' id='word_1_61' title='bbox 730 1621 850 1692; x_wconf 85' lang='lat' dir='ltr'>studio</span> <span class='ocrx_word' id='word_1_62' title='bbox 870 1625 904 1692; x_wconf 94' lang='lat' dir='ltr'>in</span> <span class='ocrx_word' id='word_1_63' title='bbox 926 1628 1059 1720; x_wconf 90' lang='lat' dir='ltr'>scripta</span> <span class='ocrx_word' id='word_1_64' title='bbox 1078 1620 1236 1692; x_wconf 74' lang='lat' dir='ltr'>Sallustii</span> 
     </span>
     <span class='ocr_line' id='line_1_11' title="bbox 209 1745 1240 1842; baseline -0.003 -25"><span class='ocrx_word' id='word_1_65' title='bbox 209 1746 399 1817; x_wconf 84' lang='lat' dir='ltr'>defluxisse</span> <span class='ocrx_word' id='word_1_66' title='bbox 420 1745 637 1842; x_wconf 83' lang='lat' dir='ltr'>significant.</span> <span class='ocrx_word' id='word_1_67' title='bbox 662 1752 765 1816; x_wconf 81' lang='lat' dir='ltr'>Certe</span> <span class='ocrx_word' id='word_1_68' title='bbox 786 1745 829 1816; x_wconf 87' lang='lat' dir='ltr'>ad</span> <span class='ocrx_word' id='word_1_69' title='bbox 855 1746 954 1816; x_wconf 91' lang='lat' dir='ltr'>illam</span> <span class='ocrx_word' id='word_1_70' title='bbox 981 1751 1240 1817; x_wconf 82' lang='lat' dir='ltr'>CatonisCen-</span> 
     </span>
     <span class='ocr_line' id='line_1_12' title="bbox 210 1868 1239 1955; baseline -0.002 -15"><span class='ocrx_word' id='word_1_71' title='bbox 210 1875 293 1940; x_wconf 86' lang='lat' dir='ltr'>surii</span> <span class='ocrx_word' id='word_1_72' title='bbox 311 1869 578 1940; x_wconf 81' lang='lat' dir='ltr'>aernulationem</span> <span class='ocrx_word' id='word_1_73' title='bbox 605 1868 792 1940; x_wconf 83' lang='lat' dir='ltr'>alludebat</span> <span class='ocrx_word' id='word_1_74' title='bbox 816 1875 866 1940; x_wconf 89' lang='lat' dir='ltr'>llll.</span> <span class='ocrx_word' id='word_1_75' title='bbox 889 1874 1018 1955; x_wconf 87' lang='lat' dir='ltr'>Varro,</span> <span class='ocrx_word' id='word_1_76' title='bbox 1048 1869 1135 1940; x_wconf 91' lang='lat' dir='ltr'>dum</span> <span class='ocrx_word' id='word_1_77' title='bbox 1154 1875 1239 1940; x_wconf 87' lang='lat' dir='ltr'>scri·</span> 
     </span>
     <span class='ocr_line' id='line_1_13' title="bbox 210 1993 1328 2091; baseline -0.002 -27"><span class='ocrx_word' id='word_1_78' title='bbox 210 1993 346 2064; x_wconf 74' lang='lat' dir='ltr'>beliat:</span> <span class='ocrx_word' id='word_1_79' title='bbox 374 2025 390 2056; x_wconf 77' lang='grc' dir='ltr'><strong>κ</strong></span> <span class='ocrx_word' id='word_1_80' title='bbox 414 1999 453 2064; x_wconf 90' lang='lat' dir='ltr'>C.</span> <span class='ocrx_word' id='word_1_81' title='bbox 472 1993 701 2081; x_wconf 80' lang='lat' dir='ltr'>Sallustium,</span> <span class='ocrx_word' id='word_1_82' title='bbox 723 1999 933 2091; x_wconf 80' lang='lat' dir='ltr'>scriptorem</span> <span class='ocrx_word' id='word_1_83' title='bbox 960 1999 1057 2063; x_wconf 77' lang='lat' dir='ltr'>seriae</span> <span class='ocrx_word' id='word_1_84' title='bbox 1084 1993 1182 2063; x_wconf 90' lang='lat' dir='ltr'>illius</span> <span class='ocrx_word' id='word_1_85' title='bbox 1206 2009 1241 2062; x_wconf 94' lang='lat' dir='ltr'>et</span> <span class='ocrx_word' id='word_1_86' title='bbox 1326 2084 1328 2088; x_wconf 23' lang='grc' dir='ltr'>Ι</span> 
     </span>
     <span class='ocr_line' id='line_1_14' title="bbox 214 2117 1241 2211; baseline 0.001 -24"><span class='ocrx_word' id='word_1_87' title='bbox 214 2148 230 2182; x_wconf 85' lang='grc'>«</span> <span class='ocrx_word' id='word_1_88' title='bbox 245 2122 568 2204; x_wconf 76' lang='lat' dir='ltr'>severaeurationis,</span> <span class='ocrx_word' id='word_1_89' title='bbox 580 2122 615 2186; x_wconf 92' lang='lat' dir='ltr'>in</span> <span class='ocrx_word' id='word_1_90' title='bbox 628 2119 734 2211; x_wconf 86' lang='lat' dir='ltr'>cujus</span> <span class='ocrx_word' id='word_1_91' title='bbox 745 2117 893 2187; x_wconf 89' lang='lat' dir='ltr'>historia</span> <span class='ocrx_word' id='word_1_92' title='bbox 906 2122 1106 2187; x_wconf 83' lang='lat' dir='ltr'>notationes</span> <span class='ocrx_word' id='word_1_93' title='bbox 1121 2142 1241 2188; x_wconf 77' lang='lat' dir='ltr'>censo·</span> 
     </span>
     <span class='ocr_line' id='line_1_15' title="bbox 215 2239 1240 2340; baseline 0.005 -35"><span class='ocrx_word' id='word_1_94' title='bbox 215 2247 404 2334; x_wconf 78' lang='lat' dir='ltr'>ariusfieri</span> <span class='ocrx_word' id='word_1_95' title='bbox 418 2257 528 2340; x_wconf 82' lang='lat' dir='ltr'>atqua</span> <span class='ocrx_word' id='word_1_96' title='bbox 547 2247 709 2311; x_wconf 71' lang='lat' dir='ltr'>exerceri</span> <span class='ocrx_word' id='word_1_97' title='bbox 727 2240 902 2322; x_wconf 61' lang='lat' dir='ltr'>ridemus</span> <span class='ocrx_word' id='word_1_98' title='bbox 926 2246 960 2310; x_wconf 92' lang='lat' dir='ltr'>in</span> <span class='ocrx_word' id='word_1_99' title='bbox 978 2239 1159 2311; x_wconf 84' lang='lat' dir='ltr'>adulterio</span> <span class='ocrx_word' id='word_1_100' title='bbox 1178 2240 1240 2310; x_wconf 92' lang='lat' dir='ltr'>de-</span> 
     </span>
     <span class='ocr_line' id='line_1_16' title="bbox 216 2363 1238 2462; baseline -0.002 -26"><span class='ocrx_word' id='word_1_101' title='bbox 216 2397 231 2430; x_wconf 86' lang='lat'>«</span> <span class='ocrx_word' id='word_1_102' title='bbox 250 2366 467 2462; x_wconf 87' lang='lat' dir='ltr'>prehensum</span> <span class='ocrx_word' id='word_1_103' title='bbox 495 2365 542 2436; x_wconf 89' lang='lat' dir='ltr'>ab</span> <span class='ocrx_word' id='word_1_104' title='bbox 565 2371 682 2435; x_wconf 72' lang='lat' dir='ltr'>,lutrio</span> <span class='ocrx_word' id='word_1_105' title='bbox 705 2364 852 2448; x_wconf 75' lang='lat' dir='ltr'>Milone,</span> <span class='ocrx_word' id='word_1_106' title='bbox 879 2363 963 2434; x_wconf 87' lang='lat' dir='ltr'>loris</span> <span class='ocrx_word' id='word_1_107' title='bbox 983 2364 1076 2435; x_wconf 89' lang='lat' dir='ltr'>bene</span> <span class='ocrx_word' id='word_1_108' title='bbox 1093 2391 1238 2452; x_wconf 86' lang='lat' dir='ltr'>caesum,</span> 
     </span>
     <span class='ocr_line' id='line_1_17' title="bbox 216 2487 1240 2586; baseline -0.001 -27"><span class='ocrx_word' id='word_1_109' title='bbox 216 2519 232 2552; x_wconf 80' lang='lat' dir='ltr'>u</span> <span class='ocrx_word' id='word_1_110' title='bbox 246 2487 418 2586; x_wconf 61' lang='lat' dir='ltr'>et,qu&#39;um</span> <span class='ocrx_word' id='word_1_111' title='bbox 432 2487 587 2560; x_wconf 83' lang='lat' dir='ltr'>dedisset</span> <span class='ocrx_word' id='word_1_112' title='bbox 600 2495 804 2586; x_wconf 88' lang='lat' dir='ltr'>pecuniam,</span> <span class='ocrx_word' id='word_1_113' title='bbox 816 2487 1004 2560; x_wconf 91' lang='lat' dir='ltr'>dimissum</span> <span class='ocrx_word' id='word_1_114' title='bbox 1016 2489 1045 2585; x_wconf 86' lang='lat' dir='ltr'>(r</span> <span class='ocrx_word' id='word_1_115' title='bbox 1056 2489 1107 2580; x_wconf 83' lang='lat'>).»</span> <span class='ocrx_word' id='word_1_116' title='bbox 1118 2493 1240 2578; x_wconf 88' lang='lat' dir='ltr'>Quum</span> 
     </span>
     <span class='ocr_line' id='line_1_18' title="bbox 213 2611 1242 2709; baseline 0 -28"><span class='ocrx_word' id='word_1_117' title='bbox 213 2627 333 2683; x_wconf 88' lang='lat' dir='ltr'>autem</span> <span class='ocrx_word' id='word_1_118' title='bbox 350 2618 387 2682; x_wconf 95' lang='lat' dir='ltr'>in</span> <span class='ocrx_word' id='word_1_119' title='bbox 407 2611 615 2708; x_wconf 80' lang='lat' dir='ltr'>fragmentis</span> <span class='ocrx_word' id='word_1_120' title='bbox 633 2611 832 2681; x_wconf 78' lang='lat' dir='ltr'>Annalium</span> <span class='ocrx_word' id='word_1_121' title='bbox 853 2617 1060 2709; x_wconf 83' lang='lat' dir='ltr'>nuperrime</span> <span class='ocrx_word' id='word_1_122' title='bbox 1080 2619 1242 2708; x_wconf 84' lang='lat' dir='ltr'>repertis,</span> 
     </span>
     <span class='ocr_line' id='line_1_19' title="bbox 214 2735 1242 2834; baseline 0 -28"><span class='ocrx_word' id='word_1_123' title='bbox 214 2741 368 2834; x_wconf 85' lang='lat' dir='ltr'>scriptor</span> <span class='ocrx_word' id='word_1_124' title='bbox 387 2735 544 2808; x_wconf 87' lang='lat' dir='ltr'>Sallustii</span> <span class='ocrx_word' id='word_1_125' title='bbox 565 2735 732 2832; x_wconf 78' lang='lat' dir='ltr'>aequalis,</span> <span class='ocrx_word' id='word_1_126' title='bbox 754 2740 911 2806; x_wconf 90' lang='lat' dir='ltr'>Grauius</span> <span class='ocrx_word' id='word_1_127' title='bbox 928 2741 1149 2820; x_wconf 86' lang='lat' dir='ltr'>Licinianus,</span> <span class='ocrx_word' id='word_1_128' title='bbox 1175 2762 1242 2806; x_wconf 90' lang='lat' dir='ltr'>nu·</span> 
     </span>
     <span class='ocr_line' id='line_1_20' title="bbox 215 2858 1282 2956; baseline 0 -26"><span class='ocrx_word' id='word_1_129' title='bbox 215 2858 305 2930; x_wconf 86' lang='lat' dir='ltr'>biles</span> <span class='ocrx_word' id='word_1_130' title='bbox 323 2861 396 2956; x_wconf 92' lang='lat' dir='ltr'>jam</span> <span class='ocrx_word' id='word_1_131' title='bbox 413 2859 524 2954; x_wconf 90' lang='lat' dir='ltr'>hujus</span> <span class='ocrx_word' id='word_1_132' title='bbox 542 2861 732 2942; x_wconf 83' lang='lat' dir='ltr'>Historias,</span> <span class='ocrx_word' id='word_1_133' title='bbox 756 2873 920 2928; x_wconf 91' lang='lat' dir='ltr'>ettotam</span> <span class='ocrx_word' id='word_1_134' title='bbox 944 2884 1064 2929; x_wconf 87' lang='lat' dir='ltr'>rerrun</span> <span class='ocrx_word' id='word_1_135' title='bbox 1083 2859 1245 2930; x_wconf 88' lang='lat' dir='ltr'>scribeu·</span> <span class='ocrx_word' id='word_1_136' title='bbox 1279 2871 1282 2874; x_wconf 82' lang='lat'>&#39;</span> 
     </span>
     <span class='ocr_line' id='line_1_21' title="bbox 215 2981 1248 3079; baseline -0.002 -23"><span class='ocrx_word' id='word_1_137' title='bbox 215 2985 342 3056; x_wconf 89' lang='lat' dir='ltr'>darum</span> <span class='ocrx_word' id='word_1_138' title='bbox 370 2989 545 3054; x_wconf 86' lang='lat' dir='ltr'>rationem</span> <span class='ocrx_word' id='word_1_139' title='bbox 574 2987 705 3078; x_wconf 86' lang='lat' dir='ltr'>carpit,</span> <span class='ocrx_word' id='word_1_140' title='bbox 738 2987 873 3079; x_wconf 90' lang='lat' dir='ltr'>ipsein</span> <span class='ocrx_word' id='word_1_141' title='bbox 904 2981 1073 3054; x_wconf 90' lang='lat' dir='ltr'>Sallustio</span> <span class='ocrx_word' id='word_1_142' title='bbox 1100 2989 1248 3055; x_wconf 86' lang='lat' dir='ltr'>Catonis</span> 
     </span>
     <span class='ocr_line' id='line_1_22' title="bbox 215 3105 1247 3205; baseline 0.002 -29"><span class='ocrx_word' id='word_1_143' title='bbox 215 3111 453 3177; x_wconf 86' lang='lat' dir='ltr'>imitationem</span> <span class='ocrx_word' id='word_1_144' title='bbox 483 3107 535 3176; x_wconf 87' lang='lat' dir='ltr'>rel</span> <span class='ocrx_word' id='word_1_145' title='bbox 567 3105 778 3204; x_wconf 82' lang='lat' dir='ltr'>imprudens</span> <span class='ocrx_word' id='word_1_146' title='bbox 810 3121 924 3176; x_wconf 88' lang='lat' dir='ltr'>notat.</span> <span class='ocrx_word' id='word_1_147' title='bbox 960 3111 1096 3205; x_wconf 87' lang='lat' dir='ltr'>Locum</span> <span class='ocrx_word' id='word_1_148' title='bbox 1132 3123 1247 3178; x_wconf 89' lang='lat' dir='ltr'>totum</span> 
     </span>
    </p>
   </div>
   <div class='ocr_carea' id='block_1_3' title="bbox 217 3345 1255 3957">
    <p class='ocr_par' dir='ltr' id='par_1_4' title="bbox 217 3345 1254 3863">
     <span class='ocr_line' id='line_1_23' title="bbox 218 3345 1248 3423; baseline 0.008 -23"><span class='ocrx_word' id='word_1_149' title='bbox 218 3345 319 3401; x_wconf 91' lang='lat' dir='ltr'>suntin</span> <span class='ocrx_word' id='word_1_150' title='bbox 333 3346 417 3402; x_wconf 87' lang='lat' dir='ltr'>verbo</span> <span class='ocrx_word' id='word_1_151' title='bbox 431 3346 545 3418; x_wconf 88' lang='lat' dir='ltr'>simplici</span> <span class='ocrx_word' id='word_1_152' title='bbox 554 3363 617 3418; x_wconf 86' lang='lat' dir='ltr'>quae</span> <span class='ocrx_word' id='word_1_153' title='bbox 628 3353 718 3402; x_wconf 87' lang='lat' dir='ltr'>oratur</span> <span class='ocrx_word' id='word_1_154' title='bbox 729 3347 823 3402; x_wconf 79' lang='lat' dir='ltr'>atterat</span> <span class='ocrx_word' id='word_1_155' title='bbox 836 3348 870 3402; x_wconf 89' lang='lat' dir='ltr'>ad</span> <span class='ocrx_word' id='word_1_156' title='bbox 883 3347 1069 3404; x_wconf 88' lang='lat' dir='ltr'>illustrandam</span> <span class='ocrx_word' id='word_1_157' title='bbox 1078 3358 1159 3423; x_wconf 91' lang='lat' dir='ltr'>atque</span> <span class='ocrx_word' id='word_1_158' title='bbox 1172 3369 1248 3408; x_wconf 84' lang='lat' dir='ltr'>exor-</span> 
     </span>
     <span class='ocr_line' id='line_1_24' title="bbox 217 3433 1252 3514; baseline 0.01 -26"><span class='ocrx_word' id='word_1_159' title='bbox 217 3433 334 3489; x_wconf 85' lang='lat' dir='ltr'>nandam</span> <span class='ocrx_word' id='word_1_160' title='bbox 357 3435 504 3491; x_wconf 87' lang='lat' dir='ltr'>orationem</span> <span class='ocrx_word' id='word_1_161' title='bbox 521 3453 527 3488; x_wconf 91' lang='lat'>:</span> <span class='ocrx_word' id='word_1_162' title='bbox 544 3443 591 3490; x_wconf 87' lang='lat' dir='ltr'>aut</span> <span class='ocrx_word' id='word_1_163' title='bbox 615 3437 777 3490; x_wconf 81' lang='lat' dir='ltr'>inusitatum</span> <span class='ocrx_word' id='word_1_164' title='bbox 806 3435 934 3505; x_wconf 88' lang='lat' dir='ltr'>verbum,</span> <span class='ocrx_word' id='word_1_165' title='bbox 958 3443 1006 3492; x_wconf 90' lang='lat' dir='ltr'>aut</span> <span class='ocrx_word' id='word_1_166' title='bbox 1029 3445 1175 3508; x_wconf 81' lang='lat' dir='ltr'>novatum,</span> <span class='ocrx_word' id='word_1_167' title='bbox 1205 3448 1252 3514; x_wconf 86' lang='lat' dir='ltr'>aut</span> 
     </span>
     <span class='ocr_line' id='line_1_25' title="bbox 219 3523 1250 3602; baseline 0.011 -26"><span class='ocrx_word' id='word_1_168' title='bbox 219 3524 385 3580; x_wconf 86' lang='lat' dir='ltr'>translatum.</span> <span class='ocrx_word' id='word_1_169' title='bbox 400 3525 530 3580; x_wconf 87' lang='lat' dir='ltr'>Inusitata</span> <span class='ocrx_word' id='word_1_170' title='bbox 543 3525 701 3597; x_wconf 87' lang='lat' dir='ltr'>suntprisca</span> <span class='ocrx_word' id='word_1_171' title='bbox 711 3523 767 3580; x_wconf 82' lang='lat' dir='ltr'>lere</span> <span class='ocrx_word' id='word_1_172' title='bbox 780 3541 810 3581; x_wconf 90' lang='lat' dir='ltr'>ac</span> <span class='ocrx_word' id='word_1_173' title='bbox 825 3533 942 3595; x_wconf 83' lang='lat' dir='ltr'>vetusta,</span> <span class='ocrx_word' id='word_1_174' title='bbox 958 3528 1030 3583; x_wconf 83' lang='lat' dir='ltr'>etab</span> <span class='ocrx_word' id='word_1_175' title='bbox 1040 3545 1090 3584; x_wconf 91' lang='lat' dir='ltr'>usu</span> <span class='ocrx_word' id='word_1_176' title='bbox 1104 3531 1250 3602; x_wconf 85' lang='lat' dir='ltr'>quotidiani</span> 
     </span>
     <span class='ocr_line' id='line_1_26' title="bbox 219 3612 1253 3688; baseline 0.01 -22"><span class='ocrx_word' id='word_1_177' title='bbox 219 3612 351 3668; x_wconf 86' lang='lat' dir='ltr'>sermonis</span> <span class='ocrx_word' id='word_1_178' title='bbox 369 3613 473 3686; x_wconf 87' lang='lat' dir='ltr'>jamdiu</span> <span class='ocrx_word' id='word_1_179' title='bbox 494 3613 656 3682; x_wconf 83' lang='lat' dir='ltr'>intermissa,</span> <span class='ocrx_word' id='word_1_180' title='bbox 674 3631 736 3685; x_wconf 85' lang='lat' dir='ltr'>quae</span> <span class='ocrx_word' id='word_1_181' title='bbox 753 3621 815 3673; x_wconf 84' lang='lat' dir='ltr'>sunt</span> <span class='ocrx_word' id='word_1_182' title='bbox 827 3615 943 3671; x_wconf 83' lang='lat' dir='ltr'>licentiae</span> <span class='ocrx_word' id='word_1_183' title='bbox 965 3624 1103 3688; x_wconf 88' lang='lat' dir='ltr'>poetarum</span> <span class='ocrx_word' id='word_1_184' title='bbox 1126 3619 1253 3676; x_wconf 84' lang='lat' dir='ltr'>liberiora</span> 
     </span>
     <span class='ocr_line' id='line_1_27' title="bbox 218 3703 1254 3777; baseline 0.008 -23"><span class='ocrx_word' id='word_1_185' title='bbox 218 3715 300 3770; x_wconf 84' lang='lat' dir='ltr'>quam</span> <span class='ocrx_word' id='word_1_186' title='bbox 311 3707 424 3772; x_wconf 84' lang='lat' dir='ltr'>nostrae;</span> <span class='ocrx_word' id='word_1_187' title='bbox 440 3703 488 3758; x_wconf 90' lang='lat' dir='ltr'>sed</span> <span class='ocrx_word' id='word_1_188' title='bbox 499 3709 590 3758; x_wconf 89' lang='lat' dir='ltr'>tamen</span> <span class='ocrx_word' id='word_1_189' title='bbox 602 3719 662 3759; x_wconf 88' lang='lat' dir='ltr'>raro</span> <span class='ocrx_word' id='word_1_190' title='bbox 677 3703 759 3759; x_wconf 87' lang='lat' dir='ltr'>habet</span> <span class='ocrx_word' id='word_1_191' title='bbox 773 3704 856 3759; x_wconf 87' lang='lat' dir='ltr'>etiam</span> <span class='ocrx_word' id='word_1_192' title='bbox 869 3705 897 3758; x_wconf 93' lang='lat' dir='ltr'>in</span> <span class='ocrx_word' id='word_1_193' title='bbox 917 3706 1040 3761; x_wconf 84' lang='lat' dir='ltr'>oratione</span> <span class='ocrx_word' id='word_1_194' title='bbox 1057 3706 1192 3777; x_wconf 88' lang='lat' dir='ltr'>poeticum</span> <span class='ocrx_word' id='word_1_195' title='bbox 1207 3707 1254 3762; x_wconf 87' lang='lat' dir='ltr'>ali·</span> 
     </span>
     <span class='ocr_line' id='line_1_28' title="bbox 219 3789 633 3863; baseline 0.014 -21"><span class='ocrx_word' id='word_1_196' title='bbox 219 3789 291 3859; x_wconf 87' lang='lat' dir='ltr'>quod</span> <span class='ocrx_word' id='word_1_197' title='bbox 306 3790 418 3847; x_wconf 91' lang='lat' dir='ltr'>verbum</span> <span class='ocrx_word' id='word_1_198' title='bbox 435 3792 606 3863; x_wconf 83' lang='lat' dir='ltr'>dignitatem.</span> <span class='ocrx_word' id='word_1_199' title='bbox 621 3811 633 3842; x_wconf 77' lang='lat' dir='ltr'>r</span> 
     </span>
    </p>

    <p class='ocr_par' dir='ltr' id='par_1_5' title="bbox 254 3878 1255 3957">
     <span class='ocr_line' id='line_1_29' title="bbox 254 3878 1255 3957; baseline 0.008 -24"><span class='ocrx_word' id='word_1_200' title='bbox 254 3878 438 3946; x_wconf 86' lang='lat' dir='ltr'>Quintilianus</span> <span class='ocrx_word' id='word_1_201' title='bbox 447 3896 555 3952; x_wconf 89' lang='lat' dir='ltr'>quoque</span> <span class='ocrx_word' id='word_1_202' title='bbox 567 3882 623 3937; x_wconf 65' lang='lat' dir='ltr'>haec</span> <span class='ocrx_word' id='word_1_203' title='bbox 637 3881 723 3936; x_wconf 83' lang='lat' dir='ltr'>dixit:</span> <span class='ocrx_word' id='word_1_204' title='bbox 740 3882 848 3938; x_wconf 72' lang='lat' dir='ltr'>«Verba</span> <span class='ocrx_word' id='word_1_205' title='bbox 862 3899 878 3938; x_wconf 87' lang='lat' dir='ltr'>a</span> <span class='ocrx_word' id='word_1_206' title='bbox 892 3890 1026 3940; x_wconf 84' lang='lat' dir='ltr'>vetustate</span> <span class='ocrx_word' id='word_1_207' title='bbox 1045 3892 1151 3957; x_wconf 88' lang='lat' dir='ltr'>sumpta</span> <span class='ocrx_word' id='word_1_208' title='bbox 1165 3893 1255 3942; x_wconf 85' lang='lat' dir='ltr'>aucto-</span> 
     </span>
    </p>
   </div>
   <div class='ocr_carea' id='block_1_4' title="bbox 219 3969 1254 4128">
    <p class='ocr_par' dir='ltr' id='par_1_6' title="bbox 219 3969 1254 4128">
     <span class='ocr_line' id='line_1_30' title="bbox 219 3969 1254 4045; baseline 0.008 -23"><span class='ocrx_word' id='word_1_209' title='bbox 219 3969 327 4024; x_wconf 86' lang='lat' dir='ltr'>ritatem</span> <span class='ocrx_word' id='word_1_210' title='bbox 345 3969 516 4040; x_wconf 84' lang='lat' dir='ltr'>antiquitatis</span> <span class='ocrx_word' id='word_1_211' title='bbox 531 3970 639 4037; x_wconf 87' lang='lat' dir='ltr'>habant,</span> <span class='ocrx_word' id='word_1_212' title='bbox 655 3977 682 4024; x_wconf 91' lang='lat' dir='ltr'>et</span> <span class='ocrx_word' id='word_1_213' title='bbox 695 3987 757 4042; x_wconf 83' lang='lat' dir='ltr'>quae</span> <span class='ocrx_word' id='word_1_214' title='bbox 772 3973 925 4029; x_wconf 88' lang='lat' dir='ltr'>intermissa</span> <span class='ocrx_word' id='word_1_215' title='bbox 939 3980 1002 4029; x_wconf 89' lang='lat' dir='ltr'>sunt</span> <span class='ocrx_word' id='word_1_216' title='bbox 1014 3975 1127 4045; x_wconf 78' lang='lat' dir='ltr'>gratiam</span> <span class='ocrx_word' id='word_1_217' title='bbox 1143 3975 1254 4031; x_wconf 85' lang='lat' dir='ltr'>novitati</span> 
     </span>
     <span class='ocr_line' id='line_1_31' title="bbox 220 4055 815 4128; baseline 0.008 -17"><span class='ocrx_word' id='word_1_218' title='bbox 220 4055 334 4111; x_wconf 85' lang='lat' dir='ltr'>similem</span> <span class='ocrx_word' id='word_1_219' title='bbox 347 4063 452 4128; x_wconf 84' lang='lat' dir='ltr'>parant.</span> <span class='ocrx_word' id='word_1_220' title='bbox 466 4076 478 4109; x_wconf 80' lang='lat' dir='ltr'>n</span> <span class='ocrx_word' id='word_1_221' title='bbox 490 4059 569 4126; x_wconf 85' lang='lat' dir='ltr'>(lust.</span> <span class='ocrx_word' id='word_1_222' title='bbox 582 4065 664 4125; x_wconf 80' lang='lat' dir='ltr'>orat,</span> <span class='ocrx_word' id='word_1_223' title='bbox 680 4060 700 4128; x_wconf 70' lang='grc' dir='ltr'>Ι,</span> <span class='ocrx_word' id='word_1_224' title='bbox 718 4063 744 4120; x_wconf 84' lang='grc'>6,</span> <span class='ocrx_word' id='word_1_225' title='bbox 759 4065 815 4126; x_wconf 86' lang='grc'>39.)</span> 
     </span>
    </p>
   </div>
   <div class='ocr_carea' id='block_1_5' title="bbox 257 4145 791 4216">
    <p class='ocr_par' dir='ltr' id='par_1_7' title="bbox 257 4145 791 4216">
     <span class='ocr_line' id='line_1_32' title="bbox 257 4145 791 4216; baseline 0.007 -19"><span class='ocrx_word' id='word_1_226' title='bbox 257 4145 295 4212; x_wconf 87' lang='lat' dir='ltr'>(l)</span> <span class='ocrx_word' id='word_1_227' title='bbox 314 4145 449 4202; x_wconf 82' lang='lat' dir='ltr'>lnGellm.</span> <span class='ocrx_word' id='word_1_228' title='bbox 468 4145 548 4202; x_wconf 76' lang='lat' dir='ltr'>Nost.</span> <span class='ocrx_word' id='word_1_229' title='bbox 563 4153 626 4214; x_wconf 61' lang='lat' dir='ltr'>att„</span> <span class='ocrx_word' id='word_1_230' title='bbox 644 4148 728 4216; x_wconf 86' lang='lat' dir='ltr'>xvtt,</span> <span class='ocrx_word' id='word_1_231' title='bbox 746 4149 791 4202; x_wconf 89' lang='lat' dir='ltr'>l8.</span> 
     </span>
    </p>
   </div>
   <div class='ocr_carea' id='block_1_6' title="bbox 0 0 1514 4746">
    <p class='ocr_par' dir='ltr' id='par_1_8' title="bbox 0 0 1514 4746">
     <span class='ocr_line' id='line_1_33' title="bbox 0 0 1514 4746; baseline 0 0"><span class='ocrx_word' id='word_1_232' title='bbox 0 0 1514 4746; x_wconf 95' lang='lat' dir='ltr'> </span> 
     </span>
    </p>
   </div>
  </div>
 </body>
</html>
