2974 4746
658 454 817 514 43-

224 611 317 680 simo
331 607 478 706 quidem
496 625 725 708 argumente,
743 614 916 682 Catonem
939 603 1129 678 manifesto
1142 608 1259 677 imitas

225 741 295 820 tus,
306 739 420 806 utitur
430 735 845 808 Sallustiusinoratione
855 730 1257 804 Memruiitribuuicou·

225 871 277 926 tra
303 856 484 928 nobilium
502 856 696 929 factionem
717 885 724 928 :
748 887 764 922 «
780 861 875 927 Servi
897 879 964 926 aere
983 858 1096 952 parati
1122 855 1255 949 injusta

227 1010 244 1045 «
267 982 659 1078 imperiadominorum
675 1007 749 1053 non
767 979 969 1079 perferunt3
984 1004 1059 1065 vos,
1081 982 1252 1067 Quirites,

228 1137 243 1172 u
267 1111 418 1203 imperio
439 1112 525 1193 nati,
552 1132 657 1204 aequo
677 1111 800 1178 auimo
827 1111 1031 1176 servitutem
1050 1101 1207 1172 toleratis
1234 1133 1250 1166 »

224 1229 332 1324 (lup,
358 1228 433 1326 31).
462 1229 576 1301 Multa
596 1229 664 1300 alia
687 1255 729 1300 ex
756 1243 910 1324 utroque
936 1232 1109 1325 scriptore
1133 1224 1251 1296 all'erri

224 1371 371 1448 possent
394 1351 491 1423 illius
510 1351 633 1450 figurae
657 1347 843 1450 exempla,
868 1375 948 1446 quae
975 1364 1136 1419 oratores
1162 1348 1253 1419 mul·

223 1489 299 1546 tum
310 1475 983 1572 decet(1l,acpraetereaadcoucinuaru
994 1476 1252 1549 sententiarum

222 1613 258 1668 et
273 1599 547 1696 proverbiorum
559 1599 770 1670 brevitatem
787 1605 875 1669 mire
891 1612 943 1667 est
957 1594 1249 1674 accommodata3

223 1721 345 1820 qualia
371 1737 456 1792 suut
481 1747 535 1812 ea,
564 1729 599 1792 in
616 1747 697 1818 quae
721 1727 840 1820 erupit
865 1720 1013 1792 mordax
1034 1723 1181 1792 Catonis
1197 1743 1252 1790 sa·

189 1927 191 1932 ,
225 1852 384 1944 pientia:
408 1876 424 1910 α
449 1852 557 1918 Fures
584 1852 804 1944 privatorum
833 1844 1014 1917 furtorum
1031 1849 1067 1914 in
1086 1867 1196 1914 nervo
1217 1857 1252 1913 et

224 2001 241 2036 «
270 1969 509 2069 compedibus
524 1985 660 2042 aetatem
684 1985 815 2066 agunt,
837 1968 934 2040 fures
951 1967 1091 2066 publici
1110 1973 1146 2038 in
1169 1993 1252 2064 pur-

224 2123 241 2158 α
272 2092 390 2191 pura(
417 2101 446 2189 );
469 2124 485 2158 1>
517 2099 698 2190 etiamque
727 2098 793 2164 ista
815 2119 857 2164 ex
880 2092 976 2163 libro
998 2091 1043 2161 de
1065 2117 1100 2161 re
1118 2096 1250 2162 καπίθη

220 2232 364 2315 sumpta
396 2245 404 2287 :
435 2248 451 2282 κ
478 2223 574 2288 Scito
608 2217 702 2287 idem
738 2243 862 2312 agrum
894 2241 1004 2313 quam
1040 2215 1246 2301 hominem,
1307 2277 1309 2279 ,

120 2339 123 2344 ’
224 2371 240 2405 «
269 2347 433 2438 quamvis
452 2356 679 2438 quaestuosus
701 2346 779 2432 siet,
795 2347 822 2412 si
844 2355 1079 2437 sumptuosus
1097 2346 1176 2428 erit,
1194 2363 1248 2410 re·

223 2495 239 2530 α
270 2464 434 2563 linquere
448 2491 522 2536 nou
541 2465 710 2537 multum.
726 2497 742 2530 n
755 2507 805 2518 —
823 2497 838 2529 α
856 2470 909 2537 lta
924 2462 1091 2552 aedifices,
1109 2489 1153 2534 ue
1166 2463 1249 2534 villa

223 2619 239 2652 «
269 2587 424 2660 fundum
442 2604 593 2685 quaerat,
606 2614 695 2685 nete
706 2587 842 2660 fundus
856 2586 977 2659 villam
992 2587 1058 2685 (3)
1076 2585 1250 2677 »Quibus

124 2793 134 2811 ⁶
221 2725 292 2782 tam
315 2715 401 2782 scite
422 2726 456 2781 et
476 2726 549 2782 tam
571 2726 675 2782 acute
698 2711 816 2799 dictis,
838 2709 923 2782 addi
939 2724 1057 2808 potest
1073 2708 1148 2781 haec
1167 2735 1247 2780 sen-

221 2839 329 2907 tentia
353 2860 431 2907 vere
450 2842 633 2908 censoria:
656 2866 672 2901 u
695 2835 793 2908 Nihil
810 2834 951 2932 agendo
967 2835 1135 2905 homines
1157 2832 1249 2905 male

219 2983 323 3056 agere
342 2958 486 3032 discunt
506 2959 572 3057 (4).
593 2989 611 3028 a

267 3085 448 3172 Quoniam
464 3089 656 3154 sententias
670 3089 866 3180 attigimus,
882 3108 1040 3180 quarum
1055 3107 1098 3153 ex
1113 3080 1250 3153 creber·

255 3381 293 3445 (l)
312 3379 380 3437 Vide
403 3381 484 3436 etiam
510 3382 535 3436 in
561 3381 620 3437 Cat.
635 3383 681 3450 20,
705 3383 853 3439 orationem
879 3380 1002 3438 Catilinae
1021 3381 1055 3438 ad
1080 3382 1249 3454 conjuratos:

217 3489 233 3520 a
252 3469 357 3526 Etenim
367 3471 428 3542 quis
441 3472 594 3527 mortalium
613 3473 655 3528 cui
671 3472 749 3528 virile
763 3473 900 3544 ingenium
913 3479 963 3544 est,
976 3471 1089 3529 tolerare
1100 3479 1187 3546 potest
1200 3471 1251 3528 illis

219 3576 231 3610 a
252 3558 361 3615 divitias
371 3575 499 3632 superare
515 3577 583 3633 quas
596 3562 763 3635 profundant
776 3563 803 3618 in
818 3565 980 3619 exstruendo
993 3564 1059 3618 meri
1075 3569 1102 3620 et
1116 3563 1250 3620 montibus

218 3667 231 3698 α
253 3649 438 3718 coaequandis;
460 3649 536 3705 nobis
547 3667 603 3706 rem
617 3651 777 3707 familiarem
790 3653 870 3708 etiam
887 3654 921 3710 ad
941 3653 1121 3709 necessarium
1138 3652 1250 3709 deesset

218 3759 229 3788 α
252 3736 313 3792 illos
324 3737 403 3792 binas
420 3744 467 3793 aut
480 3739 595 3811 arnplius
610 3740 704 3797 domos
716 3742 880 3808 continuare,
899 3742 976 3798 nobis
990 3741 1074 3796 larem
1088 3740 1249 3796 familiarem

218 3846 231 3877 α
254 3842 387 3896 nusquam
401 3826 483 3881 ullum
494 3844 563 3896 esse,
578 3835 629 3886 eto.
644 3849 656 3879 ι)

253 3915 290 3986 (2)
310 3914 385 3969 Orat.
400 3913 430 3968 de
439 3915 533 3986 produ
546 3917 682 3974 militibus
698 3918 858 3976 dividunde.
871 3920 982 3988 Gellius,
996 3921 1045 3990 xl,
1060 3922 1102 3974 ts.

253 4003 290 4074 (a)
311 4007 337 4071 t,
354 4008 379 4059 e.

252 4092 290 4161 (l)
312 4091 388 4163 Orip.
405 4093 425 4147 l.
442 4092 594 4165 Columella,
608 4096 656 4166 xt
672 4099 697 4151 l.
