2974 4746
655 443 814 505 ...ur-

212 603 438 700 propositum
456 613 618 696 spectant
636 622 674 670 ea
690 623 731 670 ex
751 598 818 669 alia
836 602 999 668 oratioue
1013 596 1218 695 sumpta(1)
1235 624 1242 668 :

215 755 231 790 α
262 729 388 794 Dicere
410 748 579 821 possum,
614 722 749 820 quibus
768 720 859 792 viiia.
875 736 983 817 atque
1003 719 1109 804 mdes,
1130 719 1244 799 aditi·

214 879 233 914 a
262 861 348 920 carae
373 860 482 944 atque
501 847 667 944 expolitur
689 851 847 918 maximo
866 869 998 943 opere,
1028 850 1119 916 citro
1137 860 1246 944 atque

217 1002 247 1052 a,
263 970 373 1042 ebore
399 986 509 1066 atque
533 975 747 1069 pavimentis
777 974 919 1068 praeturis
947 983 1055 1040 stent.
1077 973 1247 1040 »Marius

213 1108 334 1167 autem
350 1120 357 1164 :
375 1117 392 1158 (ι
413 1091 609 1164 Sordidum
634 1119 690 1164 me
711 1108 745 1163 et
767 1092 914 1164 incultis
935 1091 1101 1163 moribus
1128 1098 1244 1178 aiunt,

218 1249 235 1284 a
264 1224 350 1316 quia
371 1243 499 1318 parum
519 1224 605 1290 scire
623 1224 830 1292 convivium
857 1243 1009 1304 exuram,
1037 1244 1156 1315 ueque
1174 1219 1247 1292 iris-

218 1373 235 1412 «
265 1349 418 1416 trionem
455 1342 597 1431 ulium,
641 1368 760 1442 neque
798 1342 911 1442 pluris
945 1347 1048 1442 pretii
1085 1369 1246 1440 coquum

219 1498 236 1533 a
265 1492 375 1564 quam
391 1466 556 1539 'villicum
579 1465 717 1556 habe03
741 1466 925 1565 quaemihi
950 1465 1050 1538 iubet
1067 1465 1244 1539 confiteri.

219 1621 236 1656 a
265 1595 354 1665 Nam
370 1615 411 1660 ex
428 1604 575 1690 parente
590 1616 671 1663 meo
686 1606 718 1662 et
734 1617 776 1664 ex
791 1590 868 1662 aliis
884 1597 1014 1663 sanetis
1030 1596 1112 1688 viris
1125 1596 1173 1668 ita
1188 1616 1247 1664 ae·

219 1745 236 1804 a
265 1719 355 1814 cepi,
377 1715 571 1786 munditias
589 1715 818 1804 mulieribus,
835 1721 918 1786 viris
937 1713 1098 1797 laborem
1115 1741 1246 1787 conre-

220 1869 237 1904 ιε
267 1844 361 1926 nire,
392 1854 459 1910 etc.
487 1871 503 1904 »
533 1842 677 1930 Quoia
706 1840 810 1927 locu,
834 1845 982 1912 Catonis
1011 1844 1247 1912 imitationem

219 1967 372 2034 omniuo
389 1962 598 2052 redolente,
625 1963 827 2037 notandum
852 1969 957 2037 etiam
976 1963 1068 2036 iilud
1091 1988 1181 2062 pene
1204 1962 1248 2037 ad

218 2091 369 2164 verbum
394 2116 599 2189 expressum
620 2121 627 2163 :
659 2124 676 2158 «
696 2097 820 2189 Neque
837 2092 950 2190 pluris
965 2096 1069 2189 pretii
1087 2115 1247 2188 coquum

217 2241 330 2314 quam
346 2215 509 2288 villicum
531 2216 661 2288 habea.
692 2247 709 2282 s
731 2223 819 2288 Cato
840 2240 982 2314 nempe,
1003 2231 1151 2288 auctore
1175 2213 1253 2286 Get·
1284 2231 1290 2239 '

221 2341 270 2414 iio
288 2339 356 2438 (a),
379 2341 557 2437 majorum
581 2346 942 2428 commemoratione,
966 2363 1117 2412 suorum
1134 2362 1251 2412 mores

220 2479 255 2536 et
270 2463 450 2536 luxuriam
467 2489 629 2562 carpens,
645 2464 782 2537 dixerat
800 2491 807 2535 :
829 2496 842 2529 ι
862 2469 985 2561 Equos
1007 2469 1125 2536 carius
1140 2488 1249 2558 quam

220 2613 360 2686 coquos
383 2587 564 2660 emebant.
592 2588 797 2688 »Ejusdem
819 2595 959 2686 generis
983 2588 1120 2660 dictum
1144 2591 1251 2657 etiam

223 2711 330 2784 refert
354 2711 570 2784 Plutarchus
593 2717 630 2782 iu
653 2717 724 2784 vita
743 2716 891 2784 Catonis
909 2712 973 2808 (3),
993 2709 1252 2782 «diffictteesse

221 2841 353 2908 servari
374 2840 568 2924 civitatem,
591 2839 627 2906 iu
650 2859 724 2931 qua
744 2839 848 2934 piscis
868 2834 982 2933 pluris
998 2849 1125 2906 veneat
1142 2857 1253 2931 quam

222 2959 302 3032 bos.
320 2989 336 3025 a
355 2964 394 3030 Et
406 2959 451 3030 ad
472 2965 644 3031 Catonem
668 2983 818 3058 quoque
839 2963 1017 3057 pertinere
1037 2956 1253 3032 crediderim

223 3108 347 3155 vocem
376 3083 591 3166 munditias,
621 3109 694 3154 noa
716 3089 794 3155 siue
809 3098 1020 3182 contemptu
1046 3097 1079 3152 et
1108 3082 1253 3154 fastidio

151 3189 154 3196 ’
224 3207 369 3279 dictam.
395 3210 483 3278 Nam
510 3231 640 3304 parcus
656 3222 831 3280 uosteret
847 3207 962 3279 durus
982 3205 1247 3306 paterfamilias,

224 3335 288 3428 qui
305 3355 370 3403 uec
386 3329 552 3402 homiues
572 3356 638 3403 nec
657 3355 764 3428 agros
780 3328 1006 3429 sumptuosus
1021 3345 1130 3418 arum,
1148 3329 1249 3414 dum,

224 3461 260 3526 iu
289 3453 383 3525 libro
404 3452 446 3523 de
465 3481 501 3524 re
514 3461 657 3540 rustica,
678 3479 787 3553 opera
802 3470 960 3527 recenset
974 3479 1053 3552 quar
1070 3480 1133 3554 per
1151 3453 1167 3524 i
1183 3458 1252 3526 rias

226 3576 303 3650 lieri
323 3577 445 3660 fassit,
464 3592 657 3676 postquam
673 3579 787 3652 multa
797 3584 1034 3668 enumeravit,
1051 3583 1177 3650 ceteris
1193 3575 1255 3650 de-

187 3743 190 3750 ·
226 3700 453 3786 ticientibus,
493 3717 567 3772 tum
599 3700 745 3774 demum
777 3708 941 3802 scripsit,
982 3702 1173 3774 ruunditius
1192 3704 1258 3792 fu·

262 3935 299 3998 (t)
318 3931 392 3986 Orat.
413 3947 445 3986 ue
457 3933 517 4004 quis
533 3931 573 3988 bis
587 3933 679 3990 marui
688 3935 746 4006 fiut.
761 3934 862 3990 Festus.

263 4024 298 4087 (t)
318 4021 396 4076 Nuct.
411 4027 460 4076 att.
475 4021 523 4090 xl,
538 4025 564 4077 ⁰2.

263 4112 299 4180 (3)
321 4113 345 4166 8.
