2974 4746
646 467 803 532 ...57-

208 621 291 698 loco
316 621 362 698 de
388 621 601 698 homiuibus
635 629 880 724 institutisque
903 629 1087 698 civitatum
1124 621 1236 698 disse·

209 753 335 840 ruisse,
350 745 520 846 ¹quretlmn
537 747 712 848 culpasse,
735 749 900 850 quaedam
919 754 1012 823 inter
1036 773 1074 822 se
1091 761 1239 850 compa·

211 898 321 963 rasse,
353 871 405 946 vel
436 897 544 972 supra
574 872 718 948 laudata
736 875 946 975 'fragmenta
973 873 1236 949 demonstrant.

208 1003 285 1072 Iloc
311 1022 425 1097 genus
448 1011 534 1070 sunt
564 1023 644 1096 quae
676 999 722 1072 tle
740 999 929 1080 Gallorum
952 998 1116 1090 tatoribus
1141 997 1241 1072 etde

211 1121 559 1220 Carthaginiensium
589 1123 685 1196 civili
713 1140 746 1196 et
781 1123 925 1196 militati
955 1148 991 1196 re
1016 1124 1133 1196 attuli.
1172 1121 1238 1195 set

211 1272 287 1326 uno
302 1251 481 1345 prucipne
499 1247 666 1346 exemplo
682 1246 890 1320 manifestus
913 1263 1060 1348 apparet
1084 1272 1161 1319 titos
1182 1247 1241 1318 ille

213 1373 454 1442 narrationem
479 1395 599 1444 rerum
624 1376 809 1444 sententiis
823 1370 1086 1470 'abrumpenda
1116 1375 1243 1443 animi·
1322 1404 1327 1414 ·

212 1517 284 1590 que
301 1519 425 1566 seusus
448 1492 566 1566 obiter
585 1493 841 1593 expromendi:
864 1495 1026 1567 nobilem
1051 1495 1172 1566 locuni
1194 1501 1241 1565 si·
1318 1559 1320 1563 .

212 1617 346 1716 gnifico
371 1643 447 1715 quo
473 1619 623 1692 Caedicii
650 1619 787 1696 tribuni
807 1634 973 1690 narratur
987 1619 1127 1690 lacinus
1141 1643 1239 1716 egre·

212 1749 325 1840 ginrn.
348 1741 487 1848 Gellius
515 1743 683 1842 nempe(
709 1742 739 1840 l,
772 1759 963 1842 postquam
992 1748 1066 1814 suis
1086 1750 1242 1842 primum

212 1865 329 1949 verbis
354 1889 425 1938 rem
453 1869 630 1964 exposuit,
652 1870 744 1962 ipsas
760 1864 889 1940 deinde
907 1870 1054 1938 Catonis
1066 1889 1173 1937 avoces
1190 1880 1244 1937 at-

216 1987 319 2074 tulit,
353 1989 580 2087 dignissimas
611 2014 696 2061 sane
728 1995 923 2078 memoria,
953 1966 1068 2086 quum
1099 2004 1245 2088 propter

216 2138 378 2210 pressum
394 2129 432 2185 et
443 2119 647 2186 animosum
664 2113 882 2210 eloquentiae
896 2137 1022 2212 genus,
1044 2129 1120 2184 turn
1136 2137 1246 2212 prop·

140 2236 144 2244 ’
217 2251 269 2312 tut·
292 2242 485 2310 sententias
513 2237 648 2334 quilius
670 2242 773 2333 quasi
800 2236 1033 2308 concluditur
1059 2241 1240 2308 narratio:

213 2389 237 2462 „r
254 2365 310 2432 Dii
333 2361 554 2434 immortales
574 2362 726 2432 tribuno
748 2360 903 2431 militum
920 2359 1105 2431 fortunam
1120 2384 1162 2430 ex
1175 2365 1246 2429 vir-

221 2513 238 2548 «
259 2483 626 2578 tuteejnsdederunt.
649 2489 739 2557 Nam
755 2489 802 2554 ita
814 2489 953 2555 evenit:
975 2507 1090 2580 quum
1105 2487 1247 2554 saucius

142 2597 144 2606 ¹
222 2635 238 2668 ι(
257 2603 490 2678 multifariam
508 2606 559 2677 ibi
575 2604 690 2678 lactus
714 2621 817 2693 esset,
849 2621 967 2676 tamen
989 2605 1120 2675 vulnus
1140 2608 1248 2702 capiti

223 2758 238 2792 ι(
258 2728 399 2800 nullutn
429 2735 560 2819 evenit,
592 2755 751 2826 rituique
772 2735 864 2800 inter
883 2745 1058 2816 mortuos,
1081 2727 1251 2824 defatiga-

223 2885 238 2918 (ι
260 2869 335 2925 tnm
349 2854 559 2927 vulneribus
572 2870 681 2952 atque
693 2855 793 2952 qnod
811 2878 971 2952 sanguen
988 2859 1020 2926 ei
1035 2852 1247 2941 defluxerat,

224 3007 241 3042 «
253 2994 515 3075 cognoverunt.
528 2984 617 3050 Eum
629 2978 818 3068 sustulere,
829 2983 931 3076 isque
939 2976 1139 3064 convaluit,
1150 3000 1252 3074 saepe·

224 3130 241 3164 a
259 3125 330 3196 qne
365 3115 446 3198 post
479 3099 539 3172 illa
577 3126 722 3199 operam
752 3100 959 3200 reipublicae
988 3098 1117 3170 sortem
1143 3113 1252 3194 atque

198 3286 200 3292 ,
225 3238 441 3294 «strenuam
475 3225 672 3322 perhibuit,
694 3239 778 3296 etc..
808 3224 873 3296 Sed
904 3225 998 3296 idem
1021 3220 1250 3294 benefactum

226 3346 1253 3443 equoinlocopouas,niminmiutcrest.Leonidasliaco

226 3475 324 3566 iqui
349 3471 464 3542 simile
487 3470 583 3569 apnd
608 3467 858 3569 Thermopilas
881 3470 977 3558 lecit,
1004 3483 1151 3568 propter
1177 3468 1254 3564 ejus

227 3623 243 3658 <t
263 3599 409 3667 virtutes
428 3601 692 3668 omnisGraecia
706 3595 858 3693 gloriam
879 3609 988 3691 atque
1001 3597 1151 3690 gratiam
1168 3617 1255 3688 prm·

228 3747 244 3782 ιι
266 3721 409 3815 cipuam
435 3718 659 3791 claritudinis
690 3718 921 3790 inclitissimae
945 3716 1158 3789 decoravere
1174 3742 1254 3787 mo-

228 3869 244 3902 «
262 3845 457 3929 numentis,
488 3846 612 3938 signis,
633 3845 773 3930 statuis,
803 3839 939 3938 elogiis,
960 3839 1132 3928 historiis,
1161 3838 1254 3914 aliis·

263 4133 299 4200 (t)
319 4133 398 4190 noct.
410 4139 461 4189 αιι.
473 4133 517 4202 ιιι,
533 4131 560 4189 72
