2974 4746
651 510 800 572 ..79-

208 680 244 746 in
256 678 463 746 Graecorum
476 673 616 770 seriptis
633 670 732 766 (uum
745 691 819 742 uon
834 681 945 771 ptiuca
957 679 1152 769 quoqueex
1165 667 1234 744 ne:

210 799 410 871 mosthenis
423 793 654 868 orationibus
667 809 700 867 et
717 820 759 866 ex
777 793 1023 894 Xenophonte
1038 795 1107 894 sihi
1121 795 1236 868 vindi-¹

207 925 326 1019 eavit),
349 937 383 994 et
404 927 580 1022 praecipue
597 925 633 991 iu
649 915 869 1016 Tluic'ydldis
889 907 987 991 llhris
1003 919 1113 993 luisse
1127 929 1238 992 veisass

209 1060 298 1119 tum.
320 1045 387 1117 Sed
409 1069 523 1142 quum
541 1043 739 1142 'Poppoab
759 1033 803 1114 eo
821 1042 921 1115 loute
946 1056 1055 1116 totam
1078 1039 1237 1116 Sallustii

208 1177 424 1260 (nationem,
437 1181 551 1238 totuin
565 1165 1083 1239 histoiiaescrilietulaetuoduui
1094 1167 1238 1238 fluxisse

204 1295 358 1393 judicat,
393 1292 499 1364 nobis
531 1292 685 1362 muitum
718 1303 738 1362 a
770 1300 854 1360 vero
888 1291 1054 1363 recedere
1081 1291 1233 1362 videtur.

208 1415 316 1508 Quod
341 1421 435 1488 enim
458 1415 500 1486 ad
531 1414 637 1486 verba
659 1427 692 1484 et
714 1421 915 1484 otationetn
940 1421 1080 1506 attinet,
1114 1431 1241 1514 praeiet*

100 1513 104 1522 ι
210 1545 415 1614 testimonia
436 1549 596 1610 veterum
617 1541 698 1635 quse
715 1537 833 1628 attuli,
851 1543 1137 1611 Catoniauoutut
1153 1535 1239 1635 luag-

214 1677 474 1736 tueutmumeu
485 1687 516 1732 ui
525 1661 695 1733 Sallustio
711 1670 934 1758 'couipaiatio
951 1663 1097 1734 abunde
1114 1659 1239 1735 docuit

212 1787 324 1859 multa
345 1810 424 1882 quae
454 1789 579 1882 Poppo
607 1808 717 1880 graeca
746 1801 841 1856 etex
869 1785 1082 1886 Thucydide
1112 1787 1238 1863 hausta

210 1921 325 2009 putu,
348 1907 391 1980 ad
417 1911 562 1977 Catonis
589 1911 824 1980 imitationem
842 1927 917 1982 esse
938 1909 1133 1982 atterenda.
1160 1911 1239 1982 Huc

213 2039 364 2136 pertinet
386 2031 433 2102 ab
458 2054 501 2101 eu
526 2045 672 2102 notatus
699 2049 784 2103 usus
809 2033 1064 2106 adverbiorum
1084 2055 1150 2134 pro
1173 2031 1237 2106 atl-

208 2163 360 2257 jectivis,
372 2159 513 2248 fluum
521 2153 614 2255 fnit,
648 2157 790 2228 abunde
799 2161 890 2248 soit,
908 2164 1051 2256 impune
1070 2185 1155 2247 esse,
1174 2167 1237 2258 qui

212 2281 355 2354 dicendi
383 2305 461 2352 mos
486 2285 637 2350 omnino
669 2285 892 2354 Catoniauus
915 2300 979 2355 est.
1005 2285 1107 2373 Item,
1135 2305 1239 2357 voees

213 2411 293 2480 illas
323 2425 396 2478 tum
414 2407 570 2490 clemona,
603 2410 678 2477 ium
702 2433 791 2492 uuo,
822 2433 913 2496 vero,
944 2417 1134 2498 enimvero,
1167 2401 1239 2481 illis

212 2510 448 2630 Thucydidis,
466 2539 533 2602 τότε
564 2535 615 2622 δὴ,
641 2537 767 2607 ἐνταῦθα
784 2533 836 2622 dd,
862 2537 998 2632 adrodit
1014 2533 1237 2622 simillimae,

212 2662 317 2730 etiam
330 2663 418 2728 Cato
431 2665 621 2756 saepissime
641 2664 840 2756 usitrpavit.
857 2657 923 2730 Sed
942 2664 1107 2747 maxime,
1124 2673 1238 2754 qttutn

212 2788 248 2852 in
273 2781 442 2854 Sallustio
471 2780 702 2878 periodorum
727 2797 877 2866 tuorem,
898 2783 1048 2852 omissas
1074 2778 1276 2878 copulas„

211 2905 320 2978 stacta
347 2903 521 2996 membra,
546 2903 652 2976 verba
675 2902 855 2976 contrade
874 2903 983 2975 relata
1003 2918 1105 2976 notat
1125 2959 1134 2993 ‚
1157 2925 1239 2976 etun

212 3026 303 3102 talin
329 3045 437 3124 quatu
456 3039 572 3102 totuin
589 3027 674 3101 inde
689 3035 875 3101 Romanus
895 3031 1048 3127 scriptor
1065 3025 1107 3100 ad
1132 3027 1241 3101 Cat0·'

213 3171 293 3226 netu
314 3181 350 3226 se
368 3156 513 3227 finxerit
532 3185 539 3227 :
558 3149 662 3252 cujds
684 3157 734 3226 tei
751 3180 865 3252 quum
882 3163 936 3226 tot
955 3155 1117 3254 exempla
1142 3170 1238 3226 attu-

212 3279 329 3369 lerim,
349 3279 491 3350 nullum
509 3283 581 3376 jam
600 3279 758 3352 arbitror
771 3297 955 3377 superesse
970 3274 1163 3349 dubitandi
1187 3270 1239 3348 lo·

101 3421 103 3426 '
210 3429 307 3475 cuin.
332 3407 551 3498 Quanquam
570 3418 689 3474 autem
707 3429 820 3500 pauca
840 3418 980 3474 tantuin
1001 3408 1153 3474 existant
1172 3409 1238 3474 Ca·

212 3532 306 3598 tonis
317 3525 526 3622 fragmenta,
551 3525 803 3624 multoplures
823 3532 964 3598 sanein
986 3531 1027 3596 iis
1045 3531 1239 3598 sententias

210 3677 230 3722 a
246 3646 415 3722 Sallustio
432 3663 592 3747 sumptas
607 3654 791 3746 repereris,
813 3673 921 3746 quam
942 3676 1032 3748 quas
1045 3676 1087 3720 ex
1100 3649 1239 3746 Thucy·

211 3773 295 3847 dide
315 3780 441 3872 Poppo
462 3773 618 3869 collegit.
762 3770 764 3774 ’

261 3905 381 3969 Restat
413 3913 450 3968 ut
478 3897 522 3968 de
542 3903 706 3968 instituto
732 3898 890 3967 histoiiae
917 3921 1029 3994 paam
1054 3895 1234 3968 dicantur.

210 4029 292 4116 Qua
307 4018 351 4092 de
370 4027 567 4119 quaestione
582 4046 622 4094 ea
640 4037 779 4092 tantuin
796 4018 905 4092 habet
924 4025 1073 4117 Puppe:
1093 4016 1238 4110 «Quith

214 4175 229 4208 ιι
259 4142 358 4241 quod
374 4145 487 4240 ipsam
509 4143 606 4214 illam
622 4143 886 4240 degressionein
908 4141 953 4212 de
970 4145 1237 4243 priinisitmua·
