2974 4746
629 467 788 532 ..15...

193 637 416 730 Argumento
434 647 486 703 est
506 628 622 728 qnod,
646 633 696 700 M.
723 631 897 698 Varronis
921 639 955 696 et
974 623 1118 696 Tironis
1140 621 1226 696 Tut-

192 756 232 826 lii
255 757 361 827 verba
392 753 559 842 afferens,
590 767 709 824 narrat
736 751 875 822 Gellius
901 749 954 846 (r)
978 777 985 820 :
1010 754 1222 847 Pompeium

193 881 307 952 aetlem
336 885 500 952 Victoriae
518 877 785 962 dedicaturum,
809 897 924 971 quum
945 897 1080 943 nomeu
1101 864 1180 968 ejus
1193 885 1227 943 et

195 1003 356 1074 honores
368 1001 668 1089 inscriberentur,
687 1003 869 1096 quaesiisse
880 1012 1003 1068 utrum
1016 997 1144 1066 consul
1163 1009 1227 1066 ter-

194 1132 245 1199 tio
260 1109 534 1198 inscribendum
556 1139 645 1195 esset
665 1148 710 1194 an
737 1129 892 1211 tertium,
918 1143 1071 1218 earrrque
1090 1131 1165 1192 rem
1184 1119 1230 1192 ad

196 1251 425 1322 doctissimos
459 1255 611 1321 civitatis
644 1248 824 1336 retulisse3
852 1269 969 1342 quum
994 1261 1114 1316 autem
1150 1266 1232 1342 pars

197 1380 310 1461 tertia,
330 1374 391 1462 alii
414 1381 554 1444 tertium
575 1371 810 1445 scribendum
832 1370 1108 1460 contenderent,
1130 1393 1230 1467 roga-

197 1511 274 1566 tum
302 1503 514 1568 Ciceronem
536 1513 659 1568 utrum
680 1501 746 1594 ipsi
769 1500 900 1565 rectius
926 1493 1122 1581 videretur,
1152 1507 1231 1592 per-

197 1628 349 1692 suasisse
376 1627 546 1718 Pompeio
575 1632 614 1692 ut
648 1643 767 1716 neque
797 1625 956 1708 tertium,
987 1640 1106 1716 neque
1130 1625 1231 1690 terno

193 1744 435 1835 scriberetur,
461 1744 520 1814 sed
545 1743 589 1814 ad
612 1743 813 1814 secundnm
842 1765 958 1840 usque
987 1761 999 1814 t
1022 1741 1152 1814 fierent
1173 1741 1231 1814 lit·

199 1883 294 1940 terae.
384 1951 388 1961 Δ
417 1949 418 1952 ¹
1184 1937 1186 1942 ,

247 1990 346 2082 Quid
372 1991 489 2088 quod,
511 1998 588 2090 ipsa
611 1989 829 2082 Quintiliani
851 2005 966 2078 aetate,
989 1989 1035 2060 de
1059 2009 1234 2088 gramma·

13 2123 15 2138 '
112 2164 115 2170 -
200 2121 269 2186 tica
295 2115 463 2187 nondum
491 2121 584 2186 iuter
602 2139 729 2186 omues
756 2113 1018 2185 conveniebat?
1041 2114 1107 2186 Ille
1136 2121 1232 2187 enim

198 2239 329 2310 fatetur
348 2248 524 2312 incertum
542 2265 617 2311 esse
639 2255 761 2310 utrum
783 2254 928 2310 serratus
948 2253 1103 2328 senatus,
1129 2265 1235 2311 seno-

200 2369 252 2435 tui
266 2363 387 2451 faciat,
411 2390 455 2436 an
480 2372 608 2454 renuti,
632 2381 771 2452 senato,
789 2362 1092 2460 quornodollexit
1106 2363 1232 2436 Sallus·

201 2494 290 2577 tius3
318 2495 590 2588 interrogatque
611 2489 700 2586 quitl
716 2495 910 2587 progenies
928 2495 1086 2586 genitivo
1105 2496 1232 2588 singu·

200 2613 280 2702 lari,
299 2613 387 2710 quid
408 2613 540 2712 plurali
559 2639 634 2712 spes
653 2612 759 2685 faciat
778 2613 831 2711 (r)
853 2612 977 2684 :unde
997 2629 1092 2711 patet
1113 2614 1234 2686 adhuc

200 2739 269 2809 sub
287 2739 410 2835 judice
425 2739 522 2810 litem
539 2740 665 2827 luisse;
683 2738 782 2810 unde
803 2743 911 2808 etiarn
933 2737 1163 2825 inferendum
1182 2757 1235 2812 est

201 2888 408 2936 concessam
429 2890 501 2935 sure
516 2869 608 2936 aetati
631 2863 833 2934 libertatem
851 2888 924 2933 nou
953 2863 1106 2935 multum
1124 2889 1237 2937 exces-

201 2991 287 3058 sisse
311 2986 520 3059 Sallustium
547 3001 581 3058 et
601 2983 809 3084 Virgilium,
836 3011 950 3082 qrxrom
972 3005 1054 3058 casn
1078 2995 1235 3085 genitivo

201 3111 270 3194 die,
294 3135 359 3208 pro
378 3110 460 3201 diei,
480 3115 719 3206 antiquitatis,
734 3126 773 3180 ut
788 3116 903 3196 aiunt,
926 3109 1061 3198 studio,
1081 3119 1232 3212 scripse-

202 3250 303 3305 runt.

250 3359 368 3446 Quam
389 3355 503 3426 multa
519 3367 639 3428 autem
661 3356 743 3440 alia,
766 3381 848 3452 quae
873 3379 892 3428 a
917 3359 1086 3431 Sallustio
1110 3375 1236 3433 contra

202 3503 319 3550 aureae
344 3485 455 3550 aeraris
470 3503 605 3550 morem
627 3479 722 3552 dicta
749 3479 970 3575 judicamus,
992 3489 1026 3554 in
1043 3488 1231 3574 Cicerone,

203 3617 237 3672 et
261 3606 411 3686 Caesare,
439 3617 474 3674 et
499 3608 615 3692 Livio,
643 3619 684 3674 ut
707 3603 798 3674 alios
821 3611 997 3692 omittam,
1024 3623 1098 3678 non
1127 3609 1235 3681 semel

204 3723 421 3796 occurrunt!
445 3749 556 3822 quam
576 3724 691 3796 inulta
705 3731 764 3796 isti
778 3724 914 3798 habent
931 3727 1153 3802 Sallustianae
1166 3755 1229 3803 au·

238 4041 278 4113 (t)
297 4043 377 4101 Noct.
389 4051 438 4100 ott.
452 4045 486 4116 X,
503 4048 527 4100 l.

238 4134 275 4206 (t)
295 4133 481 4208 iustorum,
499 4139 524 4208 o,
540 4135 631 4193 acar.
