2974 4746
617 479 776 542 ..19-

181 631 328 705 damnat
365 634 611 724 Quintilianus
641 637 695 733 (t)
727 652 762 708 et
798 667 813 702 κ
833 635 880 706 ab
912 633 1047 708 ultimis
1074 653 1109 708 et
1133 638 1208 734 jam

182 757 395 829 oblitteratis
417 766 601 856 repetitam
629 759 854 858 temporibus
870 759 1119 858 insulsumque
1148 787 1210 834 vo·

181 893 259 970 cat3
278 913 294 948 »
318 897 435 955 tamen
452 884 563 956 videri
592 899 708 982 potest
728 883 917 958 Sallustius
944 909 1081 956 morem
1102 892 1213 960 totius
1251 901 1261 914 ‘

182 1013 406 1102 antiquitatis
444 1013 693 1105 potiusquam
724 1013 832 1079 unius
858 1013 1036 1106 praecipue
1066 1013 1213 1084 Catonis

183 1145 326 1200 secutus
343 1112 430 1203 esse.
458 1137 501 1202 Et
526 1131 691 1232 prolecto
717 1157 756 1203 ea
777 1136 898 1203 omnia
918 1158 937 1204 a
958 1132 1085 1206 Plauto
1096 1149 1133 1206 et
1144 1140 1210 1208 Te·

184 1261 300 1326 rentio
316 1261 516 1354 ceterisque
538 1263 746 1329 Catonianae
760 1262 870 1328 aetatis
883 1257 1121 1354 scriptoribus
1136 1284 1210 1330 non

184 1382 303 1448 iniuus
335 1403 445 1474 qnam
478 1403 498 1449 a
529 1383 666 1450 Catone
697 1379 861 1450 adbibita
888 1377 1046 1450 luerunt.
1072 1385 1210 1454 Omissa

183 1504 293 1596 igitur
312 1499 642 1599 iliadispntationc,
665 1528 764 1573 nunc
784 1501 949 1598 quaedam
973 1502 1094 1589 verba,
1109 1526 1215 1600 quas·

184 1622 266 1694 dnm
281 1623 477 1697 verborum
492 1631 774 1723 compositiones
790 1625 942 1716 notabo,
957 1628 1121 1724 quaejam
1137 1653 1211 1700 nou

184 1749 227 1819 ad
239 1755 524 1844 grammaticam,
542 1749 603 1820 sed
620 1748 664 1820 ad
691 1753 802 1846 ipsius
819 1755 1003 1847 scriptoris
1025 1775 1162 1822 morem
1179 1767 1226 1822 et

186 1878 372 1970 proprium
408 1878 593 1970 ingenium
636 1878 833 1970 pertinent,
872 1887 907 1944 et
944 1873 1029 1945 inde
1067 1879 1211 1946 initium

184 1996 419 2093 comparandi
440 2022 523 2067 cum
548 2001 685 2068 Catone
708 1995 867 2066 Sallustii
895 1994 1036 2068 faciam.
1059 2002 1094 2068 Si
1118 2003 1214 2068 enim

186 2119 260 2206 illa,
274 2123 402 2190 Catoni
423 2127 527 2216 qnasi
544 2119 757 2218 peculiaria,
775 2125 811 2190 in
825 2124 936 2190 nostri
950 2125 1091 2218 scriptis
1106 2120 1215 2217 vulgo

186 2241 409 2338 deprehensa
424 2240 569 2330 fuerint,
598 2239 826 2312 manifestum
850 2246 917 2312 erit
938 2241 1147 2314 Sallustium
1175 2267 1218 2315 ea

187 2365 355 2438 consulto
375 2382 409 2438 et
428 2365 625 2438 aemulaudi
654 2372 766 2463 gratia
797 2370 863 2435 viri
883 2391 993 2462 quem
1025 2397 1041 2432 «
1076 2373 1217 2438 romani

186 2498 324 2588 generis
333 2490 619 2562 disertissumam
642 2491 844 2585 vucavit(2)
859 2521 875 2556 »
899 2497 1140 2589 usurpavisse.

235 2615 344 2706 Quod
378 2621 488 2712 igitur
523 2615 567 2686 ad
597 2620 747 2685 nomina
772 2619 912 2704 attinet,
935 2641 1009 2686 non
1040 2615 1148 2686 semel
1179 2621 1216 2686 in

186 2741 355 2812 Sallustio
385 2740 554 2812 mortales
583 2765 649 2838 pro
678 2741 840 2810 (tornines
859 2739 1024 2836 legimus,
1052 2765 1118 2810 nec
1140 2745 1218 2810 sine

186 2863 308 2961 aliqua
333 2869 399 2934 viri
418 2865 709 2962 reprehensione,
728 2877 901 2960 tanquam
924 2887 999 2932 nou
1029 2840 1113 2932 satis
1130 2867 1216 2932 sim·

188 2988 327 3085 pliciter
346 2988 496 3076 dixerit,
524 3003 558 3058 et
578 3013 692 3084 quum
707 2986 777 3057 elia
795 2986 922 3074 inulta,
944 3001 1021 3056 tum
1039 2992 1218 3082 geminata

187 3111 296 3208 hujus
313 3118 411 3184 vocis
431 3118 619 3210 usurpatio
639 3118 675 3182 in
702 3110 893 3208 magnifico
913 3110 1073 3183 Catilium
1100 3135 1217 3209 prooe-

187 3243 260 3308 mio
290 3237 459 3308 lectorem
481 3235 648 3328 offendit.
671 3241 757 3306 Eam
787 3250 908 3306 autem
938 3259 959 3305 a
982 3239 1119 3306 Catone
1142 3259 1219 3305 mu-

187 3375 309 3434 tuatus
323 3377 399 3433 erat
410 3361 614 3450 Sallustius,
636 3360 735 3457 quod
753 3365 885 3456 arguit,
910 3373 1037 3457 praeter
1056 3356 1146 3428 alios
1162 3357 1217 3428 lo·
1311 3440 1312 3444 Ἰ

186 3509 261 3574 cos,
292 3491 522 3556 notissimum
547 3489 723 3556 orationis
747 3483 792 3553 de
812 3481 927 3572 J'nlst's
939 3487 1072 3578 pugnis
1094 3496 1219 3551 contra

193 3610 386 3680 inermum
409 3609 462 3705 (3)
487 3606 744 3704 fragmentum,
772 3606 990 3702 ubi'legitur
1023 3633 1030 3676 :
1061 3603 1220 3675 «videre

188 3733 292 3803 multi
330 3733 553 3818 mortales,·r
577 3757 632 3819 ac,
661 3731 772 3830 paulo
806 3728 912 3820 infra,
945 3732 1218 3828 «inspectanti-

222 3968 256 4040 (t)
270 3967 343 4021 ‘last
357 3973 427 4021 ornt-
439 3967 460 4032 l,
475 3971 501 4034 ὃς
513 3965 581 4036 Vlll,
598 3969 624 4020 ³.

222 4057 258 4126 (ἓ)
279 4057 348 4110 Hist.
371 4053 473 4127 [raum.
484 4054 506 4110 1.

222 4145 260 4218 (3)
278 4143 348 4200 Gell.
361 4143 397 4215 X,
410 4147 439 4210 Ι3.

333 4243 360 4299 2.
