<?xml version="1.0" encoding="UTF-8"?>
<!DOCTYPE html PUBLIC "-//W3C//DTD XHTML 1.0 Transitional//EN"
    "http://www.w3.org/TR/xhtml1/DTD/xhtml1-transitional.dtd">
<html xmlns="http://www.w3.org/1999/xhtml" xml:lang="en" lang="en">
 <head>
  <title>
</title>
<meta http-equiv="Content-Type" content="text/html;charset=utf-8" />
  <meta name='ocr-system' content='tesseract 3.04.00' />
  <meta name='ocr-capabilities' content='ocr_page ocr_carea ocr_par ocr_line ocrx_word'/>
</head>
<body>
  <div class='ocr_page' id='page_1' title='image "./desallustiocato00deltgoog_0090.png"; bbox 0 0 2974 4746; ppageno 0'>
   <div class='ocr_carea' id='block_1_1' title="bbox 648 497 809 559">
    <p class='ocr_par' dir='ltr' id='par_1_1' title="bbox 648 497 809 559">
     <span class='ocr_line' id='line_1_1' title="bbox 648 497 809 559; baseline 0.012 -17"><span class='ocrx_word' id='word_1_1' title='bbox 648 497 809 559; x_wconf 76' lang='grc' dir='ltr'><em>..ῃ-</em></span> 
     </span>
    </p>
   </div>
   <div class='ocr_carea' id='block_1_2' title="bbox 159 655 1249 2614">
    <p class='ocr_par' dir='ltr' id='par_1_2' title="bbox 159 655 1249 2614">
     <span class='ocr_line' id='line_1_2' title="bbox 220 655 1246 754; baseline 0.002 -26"><span class='ocrx_word' id='word_1_2' title='bbox 220 655 440 730; x_wconf 90' lang='lat' dir='ltr'>laudabilior</span> <span class='ocrx_word' id='word_1_3' title='bbox 458 683 538 754; x_wconf 70' lang='lat' dir='ltr'>qum</span> <span class='ocrx_word' id='word_1_4' title='bbox 554 656 598 729; x_wconf 88' lang='lat' dir='ltr'>ad</span> <span class='ocrx_word' id='word_1_5' title='bbox 623 662 798 728; x_wconf 87' lang='lat' dir='ltr'>rationem</span> <span class='ocrx_word' id='word_1_6' title='bbox 814 655 1076 754; x_wconf 73' lang='lat' dir='ltr'>componendae</span> <span class='ocrx_word' id='word_1_7' title='bbox 1089 658 1246 732; x_wconf 75' lang='lat' dir='ltr'>historiae</span> 
     </span>
     <span class='ocr_line' id='line_1_3' title="bbox 218 783 1246 880; baseline -0.002 -26"><span class='ocrx_word' id='word_1_8' title='bbox 218 789 384 880; x_wconf 73' lang='lat' dir='ltr'><strong>pertinet.</strong></span> <span class='ocrx_word' id='word_1_9' title='bbox 406 787 580 874; x_wconf 76' lang='lat' dir='ltr'>Quanuis</span> <span class='ocrx_word' id='word_1_10' title='bbox 603 787 698 872; x_wconf 78' lang='lat' dir='ltr'>eninr</span> <span class='ocrx_word' id='word_1_11' title='bbox 728 808 805 854; x_wconf 86' lang='lat' dir='ltr'>rnos</span> <span class='ocrx_word' id='word_1_12' title='bbox 825 783 987 856; x_wconf 86' lang='lat' dir='ltr'>irnitandi</span> <span class='ocrx_word' id='word_1_13' title='bbox 1004 786 1185 858; x_wconf 80' lang='lat' dir='ltr'>veteribus</span> <span class='ocrx_word' id='word_1_14' title='bbox 1198 785 1246 856; x_wconf 70' lang='lat' dir='ltr'>tt,</span> 
     </span>
     <span class='ocr_line' id='line_1_4' title="bbox 214 904 1246 1008; baseline 0.002 -30"><span class='ocrx_word' id='word_1_15' title='bbox 214 905 336 996; x_wconf 83' lang='lat' dir='ltr'>berior</span> <span class='ocrx_word' id='word_1_16' title='bbox 350 907 456 980; x_wconf 89' lang='lat' dir='ltr'>luerit</span> <span class='ocrx_word' id='word_1_17' title='bbox 472 933 580 1004; x_wconf 67' lang='lat' dir='ltr'>qutun</span> <span class='ocrx_word' id='word_1_18' title='bbox 598 904 720 990; x_wconf 90' lang='lat' dir='ltr'>nobis,</span> <span class='ocrx_word' id='word_1_19' title='bbox 739 921 773 977; x_wconf 90' lang='lat' dir='ltr'>et</span> <span class='ocrx_word' id='word_1_20' title='bbox 792 907 963 1004; x_wconf 72' lang='lat' dir='ltr'>Virgilius</span> <span class='ocrx_word' id='word_1_21' title='bbox 977 933 1051 980; x_wconf 93' lang='lat' dir='ltr'>non</span> <span class='ocrx_word' id='word_1_22' title='bbox 1075 923 1188 1008; x_wconf 84' lang='lat' dir='ltr'>pauca</span> <span class='ocrx_word' id='word_1_23' title='bbox 1203 937 1246 982; x_wconf 79' lang='lat' dir='ltr'>ex</span> 
     </span>
     <span class='ocr_line' id='line_1_5' title="bbox 213 1030 1244 1130; baseline 0.005 -27"><span class='ocrx_word' id='word_1_24' title='bbox 213 1037 345 1120; x_wconf 86' lang='lat' dir='ltr'>Ennio,</span> <span class='ocrx_word' id='word_1_25' title='bbox 362 1048 396 1103; x_wconf 94' lang='lat' dir='ltr'>et</span> <span class='ocrx_word' id='word_1_26' title='bbox 415 1037 595 1130; x_wconf 76' lang='lat' dir='ltr'>Lucretio,</span> <span class='ocrx_word' id='word_1_27' title='bbox 614 1045 648 1103; x_wconf 89' lang='lat' dir='ltr'>et</span> <span class='ocrx_word' id='word_1_28' title='bbox 663 1030 821 1114; x_wconf 88' lang='lat' dir='ltr'>Catullo,</span> <span class='ocrx_word' id='word_1_29' title='bbox 839 1035 1112 1105; x_wconf 86' lang='lat' dir='ltr'>Tacitusautem</span> <span class='ocrx_word' id='word_1_30' title='bbox 1134 1050 1244 1108; x_wconf 77' lang='lat' dir='ltr'>totana</span> 
     </span>
     <span class='ocr_line' id='line_1_6' title="bbox 214 1155 1249 1254; baseline 0.005 -27"><span class='ocrx_word' id='word_1_31' title='bbox 214 1157 259 1227; x_wconf 90' lang='lat' dir='ltr'>de</span> <span class='ocrx_word' id='word_1_32' title='bbox 288 1172 403 1228; x_wconf 83' lang='lat' dir='ltr'>morte</span> <span class='ocrx_word' id='word_1_33' title='bbox 425 1163 540 1228; x_wconf 88' lang='lat' dir='ltr'>soceri</span> <span class='ocrx_word' id='word_1_34' title='bbox 563 1161 618 1226; x_wconf 90' lang='lat' dir='ltr'>sui</span> <span class='ocrx_word' id='word_1_35' title='bbox 649 1155 822 1253; x_wconf 76' lang='lat' dir='ltr'>Agricotae</span> <span class='ocrx_word' id='word_1_36' title='bbox 851 1157 1174 1254; x_wconf 84' lang='lat' dir='ltr'>coruploratioueru</span> <span class='ocrx_word' id='word_1_37' title='bbox 1204 1187 1249 1232; x_wconf 75' lang='lat' dir='ltr'>ex</span> 
     </span>
     <span class='ocr_line' id='line_1_7' title="bbox 213 1279 1249 1380; baseline -0.001 -27"><span class='ocrx_word' id='word_1_38' title='bbox 213 1287 386 1353; x_wconf 85' lang='lat' dir='ltr'>Cicerone</span> <span class='ocrx_word' id='word_1_39' title='bbox 407 1281 613 1378; x_wconf 84' lang='lat' dir='ltr'>arripuerit,</span> <span class='ocrx_word' id='word_1_40' title='bbox 637 1279 793 1375; x_wconf 89' lang='lat' dir='ltr'>ideoque</span> <span class='ocrx_word' id='word_1_41' title='bbox 813 1285 848 1350; x_wconf 89' lang='lat' dir='ltr'>in</span> <span class='ocrx_word' id='word_1_42' title='bbox 864 1279 1094 1368; x_wconf 86' lang='lat' dir='ltr'>Sallustiana,</span> <span class='ocrx_word' id='word_1_43' title='bbox 1119 1296 1159 1352; x_wconf 92' lang='lat' dir='ltr'>nt</span> <span class='ocrx_word' id='word_1_44' title='bbox 1176 1288 1249 1380; x_wconf 42' lang='lat' dir='ltr'>aiei</span> 
     </span>
     <span class='ocr_line' id='line_1_8' title="bbox 215 1403 1245 1498; baseline 0.002 -24"><span class='ocrx_word' id='word_1_45' title='bbox 215 1403 276 1474; x_wconf 91' lang='lat' dir='ltr'>hat</span> <span class='ocrx_word' id='word_1_46' title='bbox 300 1409 462 1491; x_wconf 67' lang='lat' dir='ltr'>lenaeus,</span> <span class='ocrx_word' id='word_1_47' title='bbox 483 1403 582 1498; x_wconf 77' lang='lat' dir='ltr'>furta</span> <span class='ocrx_word' id='word_1_48' title='bbox 613 1429 686 1473; x_wconf 93' lang='lat' dir='ltr'>uon</span> <span class='ocrx_word' id='word_1_49' title='bbox 712 1410 868 1474; x_wconf 84' lang='lat' dir='ltr'>severius</span> <span class='ocrx_word' id='word_1_50' title='bbox 892 1409 936 1474; x_wconf 93' lang='lat' dir='ltr'>sit</span> <span class='ocrx_word' id='word_1_51' title='bbox 957 1403 1245 1478; x_wconf 63' lang='lat' dir='ltr'>aniniadverten-</span> 
     </span>
     <span class='ocr_line' id='line_1_9' title="bbox 214 1526 1247 1628; baseline 0.005 -31"><span class='ocrx_word' id='word_1_52' title='bbox 214 1527 331 1610; x_wconf 69' lang='lat' dir='ltr'>aliurn,</span> <span class='ocrx_word' id='word_1_53' title='bbox 368 1542 485 1598; x_wconf 86' lang='lat' dir='ltr'>tarnen</span> <span class='ocrx_word' id='word_1_54' title='bbox 520 1526 661 1599; x_wconf 80' lang='lat' dir='ltr'>lucilius</span> <span class='ocrx_word' id='word_1_55' title='bbox 691 1541 788 1598; x_wconf 81' lang='lat' dir='ltr'>extre</span> <span class='ocrx_word' id='word_1_56' title='bbox 824 1527 989 1628; x_wconf 86' lang='lat' dir='ltr'>culpam&#39;</span> <span class='ocrx_word' id='word_1_57' title='bbox 999 1529 1247 1625; x_wconf 86' lang='lat' dir='ltr'>judicabimus</span> 
     </span>
     <span class='ocr_line' id='line_1_10' title="bbox 214 1650 1244 1749; baseline 0.003 -27"><span class='ocrx_word' id='word_1_58' title='bbox 214 1650 313 1748; x_wconf 85' lang='lat' dir='ltr'>qnod</span> <span class='ocrx_word' id='word_1_59' title='bbox 343 1675 417 1721; x_wconf 90' lang='lat' dir='ltr'>uon</span> <span class='ocrx_word' id='word_1_60' title='bbox 438 1657 591 1722; x_wconf 82' lang='lat' dir='ltr'>ornnino</span> <span class='ocrx_word' id='word_1_61' title='bbox 617 1651 660 1722; x_wconf 92' lang='lat' dir='ltr'>ad</span> <span class='ocrx_word' id='word_1_62' title='bbox 689 1658 766 1749; x_wconf 85' lang='lat' dir='ltr'>ipsa</span> <span class='ocrx_word' id='word_1_63' title='bbox 789 1652 1078 1741; x_wconf 81' lang='lat' dir='ltr'>Catonisverba,</span> <span class='ocrx_word' id='word_1_64' title='bbox 1109 1654 1169 1725; x_wconf 88' lang='lat' dir='ltr'>sed</span> <span class='ocrx_word' id='word_1_65' title='bbox 1200 1653 1244 1725; x_wconf 85' lang='lat' dir='ltr'>ad</span> 
     </span>
     <span class='ocr_line' id='line_1_11' title="bbox 214 1773 1246 1874; baseline 0.001 -27"><span class='ocrx_word' id='word_1_66' title='bbox 214 1774 357 1871; x_wconf 83' lang='lat' dir='ltr'>longam</span> <span class='ocrx_word' id='word_1_67' title='bbox 388 1776 467 1868; x_wconf 86' lang='lat' dir='ltr'>ejus</span> <span class='ocrx_word' id='word_1_68' title='bbox 498 1774 675 1846; x_wconf 82' lang='lat' dir='ltr'>libroruin</span> <span class='ocrx_word' id='word_1_69' title='bbox 707 1773 976 1846; x_wconf 81' lang='lat' dir='ltr'>meditationem</span> <span class='ocrx_word' id='word_1_70' title='bbox 1010 1791 1045 1846; x_wconf 89' lang='lat' dir='ltr'>et</span> <span class='ocrx_word' id='word_1_71' title='bbox 1072 1783 1246 1874; x_wconf 81' lang='lat' dir='ltr'>propositi</span> 
     </span>
     <span class='ocr_line' id='line_1_12' title="bbox 214 1898 1247 1997; baseline 0.005 -29"><span class='ocrx_word' id='word_1_72' title='bbox 214 1899 291 1994; x_wconf 87' lang='lat' dir='ltr'>ejus</span> <span class='ocrx_word' id='word_1_73' title='bbox 322 1898 621 1996; x_wconf 70' lang='lat' dir='ltr'>approbationem</span> <span class='ocrx_word' id='word_1_74' title='bbox 647 1905 814 1997; x_wconf 87' lang='lat' dir='ltr'>pertinet.</span> <span class='ocrx_word' id='word_1_75' title='bbox 842 1903 964 1990; x_wconf 82' lang='lat' dir='ltr'>Quare</span> <span class='ocrx_word' id='word_1_76' title='bbox 998 1901 1127 1974; x_wconf 85' lang='lat' dir='ltr'>melior</span> <span class='ocrx_word' id='word_1_77' title='bbox 1157 1904 1247 1974; x_wconf 79' lang='lat' dir='ltr'>inihi</span> 
     </span>
     <span class='ocr_line' id='line_1_13' title="bbox 213 2021 1244 2121; baseline 0.006 -29"><span class='ocrx_word' id='word_1_78' title='bbox 213 2021 415 2111; x_wconf 66' lang='lat' dir='ltr'>Sallustius,</span> <span class='ocrx_word' id='word_1_79' title='bbox 433 2048 562 2118; x_wconf 86' lang='lat' dir='ltr'>quurn,</span> <span class='ocrx_word' id='word_1_80' title='bbox 589 2027 772 2118; x_wconf 79' lang='lat' dir='ltr'>Originmu</span> <span class='ocrx_word' id='word_1_81' title='bbox 791 2024 972 2121; x_wconf 81' lang='lat' dir='ltr'>exemplo,</span> <span class='ocrx_word' id='word_1_82' title='bbox 992 2023 1083 2114; x_wconf 85' lang='lat' dir='ltr'>loca,</span> <span class='ocrx_word' id='word_1_83' title='bbox 1113 2024 1244 2117; x_wconf 89' lang='lat' dir='ltr'>urbes,</span> 
     </span>
     <span class='ocr_line' id='line_1_14' title="bbox 213 2143 1243 2244; baseline 0.005 -28"><span class='ocrx_word' id='word_1_84' title='bbox 213 2143 436 2244; x_wconf 85' lang='lat' dir='ltr'>populorum</span> <span class='ocrx_word' id='word_1_85' title='bbox 459 2149 790 2232; x_wconf 80' lang='lat' dir='ltr'>rnores,instituta,</span> <span class='ocrx_word' id='word_1_86' title='bbox 814 2173 868 2215; x_wconf 85' lang='lat' dir='ltr'>res</span> <span class='ocrx_word' id='word_1_87' title='bbox 882 2151 1051 2242; x_wconf 84' lang='lat' dir='ltr'>antiquas</span> <span class='ocrx_word' id='word_1_88' title='bbox 1071 2167 1243 2237; x_wconf 78' lang='lat' dir='ltr'>recenset,</span> 
     </span>
     <span class='ocr_line' id='line_1_15' title="bbox 214 2275 1245 2364; baseline 0.006 -26"><span class='ocrx_word' id='word_1_89' title='bbox 214 2292 324 2364; x_wconf 82' lang='lat' dir='ltr'>quarn</span> <span class='ocrx_word' id='word_1_90' title='bbox 357 2275 718 2364; x_wconf 66' lang='lat' dir='ltr'>quurn&#39;Catonianas</span> <span class='ocrx_word' id='word_1_91' title='bbox 749 2295 874 2356; x_wconf 76' lang='lat' dir='ltr'>voces,</span> <span class='ocrx_word' id='word_1_92' title='bbox 899 2295 1027 2342; x_wconf 87' lang='lat' dir='ltr'>vocum</span> <span class='ocrx_word' id='word_1_93' title='bbox 1056 2287 1245 2344; x_wconf 84' lang='lat' dir='ltr'>construe-</span> 
     </span>
     <span class='ocr_line' id='line_1_16' title="bbox 159 2393 1246 2492; baseline 0.006 -31"><span class='ocrx_word' id='word_1_94' title='bbox 159 2481 163 2488; x_wconf 91' lang='lat'>.</span> <span class='ocrx_word' id='word_1_95' title='bbox 220 2397 348 2481; x_wconf 88' lang='lat' dir='ltr'>tiones,</span> <span class='ocrx_word' id='word_1_96' title='bbox 367 2400 563 2465; x_wconf 85' lang='lat' dir='ltr'>sententias</span> <span class='ocrx_word' id='word_1_97' title='bbox 586 2394 749 2484; x_wconf 86' lang='lat' dir='ltr'>adhibet,</span> <span class='ocrx_word' id='word_1_98' title='bbox 764 2410 798 2465; x_wconf 87' lang='lat' dir='ltr'>et</span> <span class='ocrx_word' id='word_1_99' title='bbox 817 2393 863 2466; x_wconf 87' lang='lat' dir='ltr'>acl</span> <span class='ocrx_word' id='word_1_100' title='bbox 888 2393 1040 2466; x_wconf 73' lang='lat' dir='ltr'>l&#39;ornieun</span> <span class='ocrx_word' id='word_1_101' title='bbox 1066 2397 1144 2492; x_wconf 87' lang='lat' dir='ltr'>ejus</span> <span class='ocrx_word' id='word_1_102' title='bbox 1165 2420 1246 2468; x_wconf 87' lang='lat' dir='ltr'>ora-</span> 
     </span>
     <span class='ocr_line' id='line_1_17' title="bbox 214 2516 1246 2614; baseline 0.006 -28"><span class='ocrx_word' id='word_1_103' title='bbox 214 2520 323 2588; x_wconf 89' lang='lat' dir='ltr'>tionis</span> <span class='ocrx_word' id='word_1_104' title='bbox 338 2539 439 2588; x_wconf 82' lang='lat' dir='ltr'>suain</span> <span class='ocrx_word' id='word_1_105' title='bbox 457 2516 572 2614; x_wconf 84' lang='lat' dir='ltr'>lingit.</span> <span class='ocrx_word' id='word_1_106' title='bbox 596 2523 693 2589; x_wconf 84' lang='lat' dir='ltr'>Dum</span> <span class='ocrx_word' id='word_1_107' title='bbox 712 2523 808 2588; x_wconf 84' lang='lat' dir='ltr'>enirn</span> <span class='ocrx_word' id='word_1_108' title='bbox 830 2543 871 2587; x_wconf 88' lang='lat' dir='ltr'>ex</span> <span class='ocrx_word' id='word_1_109' title='bbox 900 2523 1099 2590; x_wconf 79' lang='lat' dir='ltr'>inritatione</span> <span class='ocrx_word' id='word_1_110' title='bbox 1119 2519 1246 2592; x_wconf 82' lang='lat' dir='ltr'>verbo·</span> 
     </span>
    </p>
   </div>
   <div class='ocr_carea' id='block_1_3' title="bbox 214 2627 1244 2861">
    <p class='ocr_par' dir='ltr' id='par_1_3' title="bbox 214 2627 1244 2861">
     <span class='ocr_line' id='line_1_18' title="bbox 214 2627 1244 2737; baseline 0.005 -28"><span class='ocrx_word' id='word_1_111' title='bbox 214 2665 295 2710; x_wconf 86' lang='lat' dir='ltr'>rum</span> <span class='ocrx_word' id='word_1_112' title='bbox 314 2653 348 2708; x_wconf 90' lang='lat' dir='ltr'>et</span> <span class='ocrx_word' id='word_1_113' title='bbox 370 2647 540 2710; x_wconf 71' lang='lat' dir='ltr'>censoriae</span> <span class='ocrx_word' id='word_1_114' title='bbox 563 2640 661 2710; x_wconf 89' lang='lat' dir='ltr'>illius</span> <span class='ocrx_word' id='word_1_115' title='bbox 681 2627 876 2712; x_wconf 67' lang='lat' dir='ltr'>severitatis</span> <span class='ocrx_word' id='word_1_116' title='bbox 899 2641 1053 2737; x_wconf 86' lang='lat' dir='ltr'>aliquid,</span> <span class='ocrx_word' id='word_1_117' title='bbox 1077 2658 1117 2714; x_wconf 90' lang='lat' dir='ltr'>ut</span> <span class='ocrx_word' id='word_1_118' title='bbox 1146 2643 1244 2730; x_wconf 82' lang='lat' dir='ltr'>dixi,</span> 
     </span>
     <span class='ocr_line' id='line_1_19' title="bbox 214 2761 1243 2861; baseline 0.003 -28"><span class='ocrx_word' id='word_1_119' title='bbox 214 2761 368 2834; x_wconf 76' lang='lat' dir='ltr'>affectati</span> <span class='ocrx_word' id='word_1_120' title='bbox 393 2778 428 2834; x_wconf 92' lang='lat' dir='ltr'>et</span> <span class='ocrx_word' id='word_1_121' title='bbox 453 2787 579 2860; x_wconf 67' lang='lat' dir='ltr'>&#39;aarum</span> <span class='ocrx_word' id='word_1_122' title='bbox 606 2766 734 2835; x_wconf 86' lang='lat' dir='ltr'>sinceri</span> <span class='ocrx_word' id='word_1_123' title='bbox 763 2768 799 2834; x_wconf 92' lang='lat' dir='ltr'>in</span> <span class='ocrx_word' id='word_1_124' title='bbox 828 2765 907 2859; x_wconf 85' lang='lat' dir='ltr'>ejus</span> <span class='ocrx_word' id='word_1_125' title='bbox 926 2769 1057 2861; x_wconf 82' lang='lat' dir='ltr'>scripta</span> <span class='ocrx_word' id='word_1_126' title='bbox 1079 2765 1243 2854; x_wconf 85' lang='lat' dir='ltr'>devenit,</span> 
     </span>
    </p>
   </div>
   <div class='ocr_carea' id='block_1_4' title="bbox 213 2886 1247 4225">
    <p class='ocr_par' dir='ltr' id='par_1_4' title="bbox 213 2886 1247 4225">
     <span class='ocr_line' id='line_1_20' title="bbox 213 2886 1247 2986; baseline 0.003 -28"><span class='ocrx_word' id='word_1_127' title='bbox 213 2903 338 2958; x_wconf 88' lang='lat' dir='ltr'>contra</span> <span class='ocrx_word' id='word_1_128' title='bbox 355 2913 427 2959; x_wconf 93' lang='lat' dir='ltr'>nou</span> <span class='ocrx_word' id='word_1_129' title='bbox 450 2886 554 2957; x_wconf 80' lang='lat' dir='ltr'>rideo</span> <span class='ocrx_word' id='word_1_130' title='bbox 573 2887 661 2983; x_wconf 90' lang='lat' dir='ltr'>quid</span> <span class='ocrx_word' id='word_1_131' title='bbox 685 2886 854 2973; x_wconf 90' lang='lat' dir='ltr'>historici</span> <span class='ocrx_word' id='word_1_132' title='bbox 868 2886 1024 2960; x_wconf 85' lang='lat' dir='ltr'>libertati</span> <span class='ocrx_word' id='word_1_133' title='bbox 1042 2904 1077 2958; x_wconf 87' lang='lat' dir='ltr'>et</span> <span class='ocrx_word' id='word_1_134' title='bbox 1100 2894 1247 2986; x_wconf 83' lang='lat' dir='ltr'>integri·</span> 
     </span>
     <span class='ocr_line' id='line_1_21' title="bbox 216 3009 1245 3108; baseline 0.005 -28"><span class='ocrx_word' id='word_1_135' title='bbox 216 3015 276 3081; x_wconf 86' lang='lat' dir='ltr'>tati</span> <span class='ocrx_word' id='word_1_136' title='bbox 297 3016 455 3108; x_wconf 90' lang='lat' dir='ltr'>potnerit</span> <span class='ocrx_word' id='word_1_137' title='bbox 473 3010 774 3108; x_wconf 87' lang='lat' dir='ltr'>detraherequod</span> <span class='ocrx_word' id='word_1_138' title='bbox 794 3009 838 3081; x_wconf 83' lang='lat' dir='ltr'>ad</span> <span class='ocrx_word' id='word_1_139' title='bbox 860 3015 1047 3108; x_wconf 75' lang='lat' dir='ltr'>Originum</span> <span class='ocrx_word' id='word_1_140' title='bbox 1069 3017 1245 3085; x_wconf 81' lang='lat' dir='ltr'>rationein</span> 
     </span>
     <span class='ocr_line' id='line_1_22' title="bbox 216 3133 1207 3234; baseline 0.005 -31"><span class='ocrx_word' id='word_1_141' title='bbox 216 3133 429 3206; x_wconf 72' lang='lat' dir='ltr'>libros‘suos</span> <span class='ocrx_word' id='word_1_142' title='bbox 443 3161 484 3209; x_wconf 90' lang='lat' dir='ltr'>ac</span> <span class='ocrx_word' id='word_1_143' title='bbox 510 3141 703 3234; x_wconf 82' lang='lat' dir='ltr'>praesertim</span> <span class='ocrx_word' id='word_1_144' title='bbox 723 3140 898 3206; x_wconf 81' lang='lat' dir='ltr'>Historias</span> <span class='ocrx_word' id='word_1_145' title='bbox 913 3135 1207 3208; x_wconf 81' lang='lat' dir='ltr'>conformaverit.</span> 
     </span>
     <span class='ocr_line' id='line_1_23' title="bbox 263 3257 1244 3358; baseline 0.002 -30"><span class='ocrx_word' id='word_1_146' title='bbox 263 3264 326 3330; x_wconf 91' lang='lat' dir='ltr'>Hic</span> <span class='ocrx_word' id='word_1_147' title='bbox 358 3283 441 3330; x_wconf 85' lang='lat' dir='ltr'>vero</span> <span class='ocrx_word' id='word_1_148' title='bbox 467 3265 625 3330; x_wconf 86' lang='lat' dir='ltr'>occurrit</span> <span class='ocrx_word' id='word_1_149' title='bbox 647 3257 785 3354; x_wconf 88' lang='lat' dir='ltr'>aliquid</span> <span class='ocrx_word' id='word_1_150' title='bbox 810 3258 908 3355; x_wconf 87' lang='lat' dir='ltr'>qnod</span> <span class='ocrx_word' id='word_1_151' title='bbox 936 3283 1002 3356; x_wconf 84' lang='lat' dir='ltr'>ego</span> <span class='ocrx_word' id='word_1_152' title='bbox 1024 3259 1244 3358; x_wconf 83' lang='lat' dir='ltr'>jatnpiidern</span> 
     </span>
     <span class='ocr_line' id='line_1_24' title="bbox 216 3380 1246 3480; baseline 0 -29"><span class='ocrx_word' id='word_1_153' title='bbox 216 3388 380 3480; x_wconf 70' lang='lat' dir='ltr'>preesenu</span> <span class='ocrx_word' id='word_1_154' title='bbox 399 3437 408 3469; x_wconf 93' lang='lat'>,</span> <span class='ocrx_word' id='word_1_155' title='bbox 426 3407 650 3479; x_wconf 85' lang='lat' dir='ltr'>quanquam,</span> <span class='ocrx_word' id='word_1_156' title='bbox 673 3405 718 3451; x_wconf 90' lang='lat' dir='ltr'>ne</span> <span class='ocrx_word' id='word_1_157' title='bbox 738 3405 856 3452; x_wconf 88' lang='lat' dir='ltr'>rerum</span> <span class='ocrx_word' id='word_1_158' title='bbox 872 3395 1080 3452; x_wconf 80' lang='lat' dir='ltr'>contextum</span> <span class='ocrx_word' id='word_1_159' title='bbox 1099 3380 1246 3454; x_wconf 79' lang='lat' dir='ltr'>ebruin-</span> 
     </span>
     <span class='ocr_line' id='line_1_25' title="bbox 215 3502 1246 3604; baseline 0 -28"><span class='ocrx_word' id='word_1_160' title='bbox 215 3532 351 3604; x_wconf 79' lang='lat' dir='ltr'>perean,</span> <span class='ocrx_word' id='word_1_161' title='bbox 374 3504 464 3577; x_wconf 90' lang='lat' dir='ltr'>illud</span> <span class='ocrx_word' id='word_1_162' title='bbox 494 3511 528 3574; x_wconf 92' lang='lat' dir='ltr'>iu</span> <span class='ocrx_word' id='word_1_163' title='bbox 564 3529 718 3602; x_wconf 73' lang='lat' dir='ltr'>prcesens</span> <span class='ocrx_word' id='word_1_164' title='bbox 747 3519 891 3601; x_wconf 82' lang='lat' dir='ltr'>tenipus</span> <span class='ocrx_word' id='word_1_165' title='bbox 907 3502 1046 3575; x_wconf 87' lang='lat' dir='ltr'>distuli.</span> <span class='ocrx_word' id='word_1_166' title='bbox 1076 3504 1246 3576; x_wconf 83' lang='lat' dir='ltr'>Creditur</span> 
     </span>
     <span class='ocr_line' id='line_1_26' title="bbox 215 3626 1245 3725; baseline -0.001 -25"><span class='ocrx_word' id='word_1_167' title='bbox 215 3635 310 3701; x_wconf 83' lang='lat' dir='ltr'>enirn</span> <span class='ocrx_word' id='word_1_168' title='bbox 336 3654 353 3700; x_wconf 88' lang='lat' dir='ltr'>a</span> <span class='ocrx_word' id='word_1_169' title='bbox 385 3628 507 3706; x_wconf 83' lang='lat' dir='ltr'>inultis</span> <span class='ocrx_word' id='word_1_170' title='bbox 531 3627 739 3699; x_wconf 81' lang='lat' dir='ltr'>Sallustium</span> <span class='ocrx_word' id='word_1_171' title='bbox 770 3653 789 3698; x_wconf 86' lang='lat' dir='ltr'>a</span> <span class='ocrx_word' id='word_1_172' title='bbox 819 3626 1034 3724; x_wconf 81' lang='lat' dir='ltr'>Thucydide</span> <span class='ocrx_word' id='word_1_173' title='bbox 1068 3632 1245 3725; x_wconf 73' lang='lat' dir='ltr'>praecipue</span> 
     </span>
     <span class='ocr_line' id='line_1_27' title="bbox 216 3752 1246 3852; baseline -0.001 -28"><span class='ocrx_word' id='word_1_174' title='bbox 216 3755 385 3852; x_wconf 83' lang='lat' dir='ltr'>pendere,</span> <span class='ocrx_word' id='word_1_175' title='bbox 403 3778 468 3826; x_wconf 91' lang='lat' dir='ltr'>nee</span> <span class='ocrx_word' id='word_1_176' title='bbox 489 3766 626 3823; x_wconf 86' lang='lat' dir='ltr'>tanturn</span> <span class='ocrx_word' id='word_1_177' title='bbox 645 3752 777 3823; x_wconf 81' lang='lat' dir='ltr'>inultas</span> <span class='ocrx_word' id='word_1_178' title='bbox 792 3752 868 3847; x_wconf 84' lang='lat' dir='ltr'>ejus</span> <span class='ocrx_word' id='word_1_179' title='bbox 884 3755 1078 3822; x_wconf 84' lang='lat' dir='ltr'>sententias</span> <span class='ocrx_word' id='word_1_180' title='bbox 1093 3767 1246 3825; x_wconf 85' lang='lat' dir='ltr'>transtu·</span> 
     </span>
     <span class='ocr_line' id='line_1_28' title="bbox 216 3875 1245 3974; baseline -0.003 -25"><span class='ocrx_word' id='word_1_181' title='bbox 216 3879 347 3950; x_wconf 84' lang='lat' dir='ltr'>lisseio</span> <span class='ocrx_word' id='word_1_182' title='bbox 367 3905 452 3950; x_wconf 88' lang='lat' dir='ltr'>suos</span> <span class='ocrx_word' id='word_1_183' title='bbox 467 3876 593 3965; x_wconf 92' lang='lat' dir='ltr'>libros,</span> <span class='ocrx_word' id='word_1_184' title='bbox 617 3876 821 3973; x_wconf 85' lang='lat' dir='ltr'>nurltasqne</span> <span class='ocrx_word' id='word_1_185' title='bbox 839 3875 1031 3948; x_wconf 84' lang='lat' dir='ltr'>verbortnn</span> <span class='ocrx_word' id='word_1_186' title='bbox 1060 3883 1245 3974; x_wconf 86' lang='lat' dir='ltr'>composi·</span> 
     </span>
     <span class='ocr_line' id='line_1_29' title="bbox 216 3999 1244 4099; baseline 0 -27"><span class='ocrx_word' id='word_1_187' title='bbox 216 4008 331 4074; x_wconf 88' lang='lat' dir='ltr'>tiones</span> <span class='ocrx_word' id='word_1_188' title='bbox 362 4022 396 4073; x_wconf 86' lang='lat' dir='ltr'>et</span> <span class='ocrx_word' id='word_1_189' title='bbox 424 4018 539 4074; x_wconf 84' lang='lat' dir='ltr'>toturn</span> <span class='ocrx_word' id='word_1_190' title='bbox 568 3999 749 4072; x_wconf 89' lang='lat' dir='ltr'>scribendi</span> <span class='ocrx_word' id='word_1_191' title='bbox 778 4025 891 4096; x_wconf 86' lang='lat' dir='ltr'>genus</span> <span class='ocrx_word' id='word_1_192' title='bbox 924 4005 1155 4099; x_wconf 86' lang='lat' dir='ltr'>expressisse,</span> <span class='ocrx_word' id='word_1_193' title='bbox 1182 4001 1244 4072; x_wconf 90' lang='lat' dir='ltr'>srd</span> 
     </span>
     <span class='ocr_line' id='line_1_30' title="bbox 215 4123 1245 4225; baseline 0.001 -28"><span class='ocrx_word' id='word_1_194' title='bbox 215 4132 320 4198; x_wconf 81' lang='lat' dir='ltr'>etiarn</span> <span class='ocrx_word' id='word_1_195' title='bbox 337 4132 555 4225; x_wconf 66' lang='lat' dir='ltr'>praecipuum</span> <span class='ocrx_word' id='word_1_196' title='bbox 576 4123 664 4198; x_wconf 91' lang='lat' dir='ltr'>illud</span> <span class='ocrx_word' id='word_1_197' title='bbox 679 4123 877 4196; x_wconf 75' lang='lat' dir='ltr'>scribendae</span> <span class='ocrx_word' id='word_1_198' title='bbox 893 4123 1049 4198; x_wconf 85' lang='lat' dir='ltr'>historiae</span> <span class='ocrx_word' id='word_1_199' title='bbox 1064 4123 1245 4224; x_wconf 82' lang='lat' dir='ltr'>exemplar</span> 
     </span>
    </p>
   </div>
   <div class='ocr_carea' id='block_1_5' title="bbox 0 0 1492 4746">
    <p class='ocr_par' dir='ltr' id='par_1_5' title="bbox 0 0 1492 4746">
     <span class='ocr_line' id='line_1_31' title="bbox 0 0 1492 4746; baseline 0 0"><span class='ocrx_word' id='word_1_200' title='bbox 0 0 1492 4746; x_wconf 95' lang='lat' dir='ltr'> </span> 
     </span>
    </p>
   </div>
  </div>
 </body>
</html>
