2974 4746
602 454 791 533 '-ta-

198 649 297 700 mum
319 621 411 699 illud
424 623 541 698 multo
556 631 661 700 etiam
683 629 859 726 insignius
872 641 906 700 et
921 631 1147 728 prestantius
1161 633 1226 704 Ca·

198 753 292 823 tonis
311 747 448 822 dictum
467 777 474 822 :
511 755 634 824 «Huic
656 757 798 850 negotio
820 777 967 852 operam
993 751 1063 845 du,
1079 767 1121 827 ut
1140 753 1230 826 mihi

202 905 218 942 a
242 874 332 948 salso
346 875 582 948 maledicatur
600 877 664 974 (1).
681 909 697 943 >a
719 880 844 968 Quum
866 893 986 950 autem
1005 883 1138 951 Marius
1159 901 1231 950 me·

201 1016 315 1072 morat
331 1025 405 1097 quo
422 999 546 1072 labore
559 1026 601 1074 ao
616 1003 780 1101 periculo
794 1001 1058 1103 rempublicam
1073 1001 1229 1076 admini-

200 1138 376 1196 straturus
389 1129 434 1195 sit
451 1148 459 1192 :
480 1155 496 1189 ε(
510 1129 636 1222 Neque
652 1150 708 1196 me
722 1125 811 1197 fallit
824 1141 1002 1223 quantum
1015 1153 1098 1199 cum
1112 1141 1230 1199 vostro

205 1278 221 1312 ε(
234 1273 405 1320 maxumo
425 1249 605 1321 beneficio
625 1257 759 1347 negotii
778 1258 986 1323 sustineam.
1010 1253 1147 1324 Bellum
1169 1277 1230 1350 pa·

204 1401 221 1436 a
235 1397 312 1443 rare
320 1373 427 1444 simul
439 1379 605 1449 etaerario
613 1398 771 1473 parcere,
781 1431 787 1446 .
797 1429 803 1442 .
813 1429 820 1444 .
832 1390 911 1446 etea
922 1382 1126 1471 agereinter
1139 1381 1227 1447 invi·

205 1525 221 1559 r
234 1495 314 1585 dos,
332 1503 570 1584 occursantis,
587 1497 769 1587 factiosoS‚
781 1503 969 1596 opinione,
985 1502 1156 1590 Quirites,
1174 1523 1230 1570 as-

203 1649 221 1686 «
234 1625 356 1716 perius
373 1636 425 1690 est
440 1647 448 1710 3
465 1651 482 1685 a
502 1636 701 1693 occurrunt
718 1643 759 1692 ea
778 1620 1100 1718 postconsulatum
1125 1647 1231 1692 suum

200 1749 371 1816 aCatone
385 1744 480 1816 dicta
499 1747 552 1842 (a)
570 1773 576 1814 :
602 1777 617 1811 u
632 1750 707 1841 Ego
720 1744 935 1844 jampridem
955 1752 1108 1841 cognovi
1125 1760 1233 1841 atque

205 1898 223 1932 «
234 1868 511 1966 intellexiatque
526 1869 685 1940 arbitror
697 1867 961 1966 rempublicam
971 1888 1096 1940 mirare
1111 1869 1232 1938 indus·

95 2063 98 2070 ,
137 1987 141 1992 ’
206 2021 223 2056 α
236 1997 301 2062 trie
319 2017 502 2063 summum
521 1993 721 2090 periculum
740 2015 853 2064 esse.»

248 2119 577 2188 Nouverotautum
594 2121 698 2188 Marii
716 2122 772 2187 sui
792 2122 993 2190 orationem
1007 2115 1052 2187 ad
1063 2116 1231 2188 similitu·

202 2237 322 2312 dinem
335 2247 480 2314 Catonis
495 2241 637 2314 linxisse
648 2241 999 2332 videturSallustius,
1012 2265 1079 2314 uec
1093 2257 1232 2314 tantum

201 2363 1229 2464 aliquasseuteu[iasarripuissequaslibrissuisintcxeret.

202 2489 353 2577 Quoties
376 2493 555 2585 scriptor,
576 2493 635 2558 cui
656 2489 804 2560 historia
822 2513 897 2559 nou
920 2487 1090 2560 narrandi
1108 2487 1231 2574 modu,

203 2609 262 2680 sed
278 2609 323 2682 de
338 2611 552 2683 moribusae
567 2617 761 2710 pracsertim
780 2611 824 2682 de
835 2611 1020 2710 republica
1038 2611 1234 2683 disserendi

205 2740 350 2806 materia
371 2749 440 2823 est,
469 2741 616 2833 proprio
638 2740 786 2805 nomine
805 2733 984 2832 loquitur,
1000 2735 1111 2808 multa
1127 2735 1237 2807 habet

204 2880 285 2954 quae
304 2860 451 2929 Catonis
479 2863 689 2955 ingenium,
715 2871 750 2928 et
769 2856 1009 2938 simultatum,
1027 2881 1119 2953 quas
1145 2862 1237 2931 anti·

203 3004 363 3076 quorum
384 3005 527 3052 morum
547 2995 791 3080 propaguntur
810 3003 874 3079 per
898 2995 1011 3052 totam
1027 2985 1135 3051 vitum
1151 3003 1235 3051 cum

204 3105 392 3176 nobilibus
412 3112 593 3192 exercuit,
612 3110 788 3176 rationem
800 3103 967 3176 referant.
993 3105 1132 3178 Scilicet
1148 3110 1237 3176 Cato

205 3251 246 3300 ea
263 3244 363 3301 aetate
377 3235 463 3300 vixit
477 3256 592 3328 quum
608 3235 776 3320 Romani,
790 3228 926 3301 domita
942 3228 1003 3300 illa
1014 3229 1124 3300 tratiae
1139 3243 1237 3326 parte

206 3375 286 3446 qua·
307 3357 437 3448 Magna
460 3357 596 3427 Graecia
620 3351 830 3437 vocabatur,
866 3375 948 3421 mox
978 3365 1078 3447 parta
1101 3349 1235 3438 Sicilia,·

207 3475 305 3562 inde,
337 3492 417 3573 post
441 3475 639 3548 secundum
670 3475 808 3546 bellum
826 3480 1026 3561 Punicum,
1057 3472 1231 3570 patel'acta

206 3606 314 3672 armis
342 3606 416 3672 suis
441 3605 579 3672 Graecia
609 3615 644 3671 et
674 3604 779 3687 Asia,
812 3603 969 3696 primum
1001 3597 1234 3686 deliciarum,

241 3877 279 3943 (l)
298 3875 371 3931 Orat.
384 3875 489 3931 dierum
499 3874 634 3930 dictarum
647 3873 678 3928 de
689 3871 831 3928 consulatu
839 3889 898 3928 suo.
912 3871 1058 3928 Charisius.
1068 3869 1156 3942 Aliqui
1166 3869 1238 3926 rodi-

205 3977 251 4018 ors
271 3962 371 4020 habent
394 3963 445 4035 da;
469 3964 551 4036 aliqui
574 3964 650 4042 aaut.
670 3962 709 4018 Ex
727 3977 792 4018 voco
812 3967 901 4018 autem
916 3962 950 4017 du
963 3960 1047 4018 multo
1063 3959 1197 4033 pulchrior
1212 3963 1239 4013 ct

207 4048 308 4107 Catone
320 4052 424 4123 dignior
437 4068 532 4110 sensus
545 4059 642 4109 exstat.

243 4143 280 4210 (2)
300 4141 412 4198 Dierum
424 4141 559 4199 dictu-rum
569 4143 600 4198 de
611 4141 714 4200 consul.
727 4157 785 4197 suo.
797 4138 943 4195 Charisius.
