2974 4746
640 471 801 537 ..23-

205 629 294 704 lium
307 627 532 727 significavit.
549 635 606 702 Sic
620 632 776 704 Catilina
791 664 807 698 a
821 631 934 706 multa
945 631 1051 704 simul
1069 633 1232 707 nroliri...
1318 637 1322 650 '

202 755 278 826 dies
304 769 501 860 noctesque
511 756 702 845 festinare,
729 755 916 854 vigilare...
933 787 950 822 s
973 755 1105 828 dicitur
1121 758 1233 854 (Cot,

205 879 283 976 27);
302 885 367 964 sic,
385 883 421 949 iu
439 882 730 968 orationeMarii,
744 879 875 976 aliquis
891 903 934 949 ex
949 879 1020 950 illis
1031 879 1159 951 subitis
1175 889 1237 952 iur-

202 1001 433 1102 perateribus
450 1006 527 1100 qui,
549 1003 631 1098 jure
656 1003 856 1074 nobilitatis
876 1003 1044 1074 consules
1062 1002 1161 1093 facti,
1189 1003 1234 1076 ad

202 1127 340 1199 bellurn
364 1126 563 1224 gerendum
587 1131 794 1214 mittuntur,
823 1127 879 1196 bis
904 1126 1023 1197 verbis
1046 1133 1232 1226 carpitur:

205 1282 222 1316 u
243 1251 385 1322 Scilicet
402 1265 441 1321 ut
456 1254 494 1319 in
516 1266 611 1322 tanta
633 1275 682 1339 re,
706 1257 852 1347 ignarus
872 1255 1051 1340 omniurn,
1068 1252 1230 1349 trepidet,

189 1379 361 1470 festinet»
382 1377 497 1472 (lug,
516 1375 598 1471 85);
614 1381 663 1446 sic
685 1381 721 1446 in
740 1375 867 1446 eodem
880 1374 975 1473 libro
990 1380 1148 1446 occurrit.
1161 1375 1236 1448 baec

201 1505 383 1572 verissima
411 1505 617 1570 sententia:
645 1504 817 1570 «Arrirno
844 1501 1004 1596 cupienti
1030 1497 1121 1569 nibil
1151 1504 1235 1570 satis

192 1627 422 1714 festinatur»
449 1624 558 1721 (lug,
594 1625 667 1721 84).
686 1629 820 1696 Contra
840 1627 1007 1721 scriptor,
1038 1637 1230 1721 postquam

201 1753 308 1818 situm
336 1747 461 1820 Africae
490 1753 613 1846 paucis
639 1754 825 1844 exposuit,
856 1771 932 1844 quo
957 1746 1111 1818 consilio
1144 1752 1231 1818 Car·

201 1872 381 1968 thagiuem
404 1876 563 1942 omiserit
588 1871 850 1961 declaraturus,
875 1875 948 1941 ait:
981 1873 1068 1940 «De
1082 1869 1233 1941 Cartba-

203 2001 287 2092 gine
310 1995 414 2067 silere
435 1995 564 2067 melius
590 2009 680 2094 puto
703 2019 814 2092 quarn
838 2017 965 2092 parunt
992 1992 1131 2082 (licere,
1146 2017 1235 2092 quo·

202 2126 298 2192 niam
329 2120 401 2192 alio
421 2145 622 2218 properare
646 2135 789 2219 tempus
818 2134 972 2190 mouet»
1005 2125 1117 2216 (lug,
1158 2122 1227 2219 19).

201 2240 336 2312 Eodem
363 2241 473 2313 ruodo
497 2240 583 2312 dum
611 2247 735 2340 priscae
756 2244 954 2338 juventutis
983 2263 1141 2312 romanas
1160 2246 1251 2312 vir·-

201 2380 314 2435 tutem
344 2365 467 2436 laudat
495 2393 503 2436 τ
533 2369 737 2462 «Quisque
766 2366 906 2438 bostem
933 2365 1055 2456 lerire,
1086 2389 1229 2437 usurum

200 2487 431 2570 adscendere,
448 2494 625 2587 conspici,
642 2489 729 2562 dum
750 2491 821 2560 tale
835 2489 975 2561 facinus
989 2488 1231 2588 faceret,pro·

195 2612 380 2710 perabat»
396 2615 509 2702 (Cae,
530 2614 577 2708 7').
597 2613 742 2703 Quibus
764 2618 801 2684 in
822 2613 994 2711 exemplis
1009 2639 1083 2684 non
1100 2629 1232 2684 temere

195 2759 391 2834 pupaerure
419 2761 486 2834 pro
499 2739 681 2826 festinare
706 2742 878 2834 scriptum
904 2735 984 2808 luit.
1007 2741 1081 2808 Neo
1099 2737 1229 2808 desunt

200 2862 306 2960 plura
324 2859 394 2931 boc
414 2883 529 2958 genus
543 2858 718 2958 eseurpla.

233 2981 1229 3078 Nonnulleectiamaliaeafferendaesuntiusignosverbo·

199 3131 278 3176 rum
303 3114 607 3197 constructiones,
630 3107 838 3204 eaedemque
859 3113 1005 3180 Catonis
1024 3112 1227 3179 inritatione

199 3231 398 3303 aSallustio
412 3247 575 3330 receptae.
585 3237 664 3303 Vox
676 3231 737 3302 illc
748 3231 936 3330 expletiva,
953 3245 1136 3328 «reputate
1147 3255 1228 3301 cum

199 3361 326 3425 animis
339 3363 482 3426 vostris»
500 3357 611 3452 (lug,
623 3354 684 3451 85)
702 3383 710 3442 3
729 3355 1093 3437 «lacinutsuutncum
1106 3361 1228 3425 arsitrio

140 3572 142 3576 .
163 3500 165 3512 ⁴
201 3495 402 3576 reputans»
419 3481 531 3576 (lug,
560 3481 631 3575 14),
648 3485 684 3550 in
697 3486 886 3552 notissimo
902 3484 1048 3549 Catonis
1075 3477 1155 3550 loco
1171 3505 1229 3551 oc-

199 3610 337 3675 currit:
364 3635 379 3668 «
405 3609 566 3702 Cogitate
587 3629 664 3674 cum
687 3612 814 3676 (animis
839 3609 969 3687 uostris,
997 3608 1025 3673 si
1050 3602 1138 3700 quitl
1166 3627 1229 3702 per

203 3757 219 3791 ι(
235 3727 397 3798 laborent
415 3743 507 3800 recte
518 3726 684 3820 feceritis,
699 3728 803 3799 labor
816 3727 908 3798 illea
925 3726 1108 3797 vobiscito
1128 3750 1225 3797 rece-

203 3880 219 3914 «
235 3849 309 3939 det,
319 3850 548 3921 benefactum
561 3851 705 3940 avobis,
717 3851 804 3922 dum
813 3853 943 3939 vivitis,
957 3875 1030 3920 non
1040 3850 1225 3938 abscedet3

203 4004 219 4038 α
239 3973 298 4045 sed
321 3980 442 4071 siqua
466 4000 529 4073 per
547 3975 768 4074 voluptatem
786 3975 951 4073 nequiter
976 3974 1142 4064 feceritis,
1167 3973 1227 4046 ro.-

204 4129 219 4164 ιι
238 4098 356 4197 luptas
371 4105 443 4170 cito
458 4099 584 4184 abibit,
606 4107 772 4198 nequiter
792 4100 925 4173 facturn
942 4098 1032 4171 illud
1044 4098 1141 4197 aluul
1164 4125 1227 4170 ros
