2974 4746
644 491 806 554 ιιι-59.-

209 645 1242 748 modoedita,serlinquintoet-iamOriginumlibroscripta

204 774 336 858 fuerat.
355 781 472 872 Atque
488 773 582 848 irlem
597 774 736 850 Gellius
756 775 839 848 libri
864 779 908 846 Vl
930 773 1052 848 locum
1075 773 1244 872 alfet·t(i)

208 904 272 998 qui
302 898 346 970 ad
371 905 570 970 orationem
585 903 745 990 ⁸Catonis
764 901 933 994 adversus
952 900 1176 974 Carneadem·
1204 904 1241 969 in

204 1039 334 1104 ,senatu
353 1022 513 1095 habitam
540 1040 700 1122 spectare
726 1022 880 1096 videtur.
906 1031 948 1096 In
970 1025 1067 1096 libro
1093 1045 1243 1120 quoque

207 1152 360 1244 septimo
371 1171 472 1218 suain
487 1153 574 1218 Catu
588 1146 758 1219 adversus
770 1154 864 1220 Serv.
880 1148 1078 1246 Sulpicium
1089 1146 1242 1218 Galbam

208 1275 409 1342 orationem
440 1269 627 1358 retulerat,
649 1269 749 1367 quod
768 1286 949 1362 ,testantur
982 1285 1016 1341 et
1051 1275 1174 1344 Cicero
1204 1275 1239 1340 in

133 1438 136 1443 -
209 1397 322 1462 Bruto
333 1393 385 1489 (2)
405 1407 440 1464 et
453 1399 493 1464 T.
511 1397 603 1462 Livii
619 1397 784 1489 Epitotne
801 1393 871 1489 (3).

257 1519 374 1606 Quam
398 1516 512 1589 inulta
528 1521 636 1612 igitur
656 1520 691 1584 in
711 1523 848 1616 ratione
865 1515 1063 1593 scribendas
1083 1517 1239 1592 historiae

204 1644 380 1720 ¹Catonem
403 1646 496 1710 inter
517 1655 551 1712 et
567 1640 774 1710 Sallustium
792 1639 1061 1712 l'ueresiniilial
1084 1647 1136 1711 Dr
1156 1659 1239 1712 'ora-

128 1769 133 1777 '
205 1763 371 1856 Itionibus
390 1763 538 1860 quidem
571 1788 834 1862 supervacuum
868 1781 920 1836 est
950 1765 1088 1852 dicere,
1123 1791 1237 1860 quum

209 1884 308 1958 nulla
331 1886 442 1981 hujus
462 1891 586 1974 virtus,
612 1886 681 1973 vel,
703 1901 744 1957 ut
766 1886 988 1984 quibusdam
1013 1887 1157 1984 placuit,
1186 1891 1237 1956 vi·

208 1985 317 2098 tium,
348 2014 459 2107 inagis
485 2025 612 2080 notum
639 2015 697 2080 sit.
726 2013 863 2083 Morem
893 2023 1013 2082 autem
1041 2009 1237 2081 disserendi

204 2132 323 2216 ¹multa
333 2135 405 2228 jam
423 2138 458 2202 in
480 2147 557 2204 toto
572 2135 642 2204 hoc
657 2135 837 2231 opusculo
853 2134 960 2206 allate
974 2133 1137 2232 exempla
1156 2113 1239 2204 satis

208 2256 514 2355 approbaverunt.
540 2263 619 2353 Ipsa
649 2257 710 2328 illa
730 2262 922 2356 principia,
949 2281 1028 2352 quae
1052 2281 1165 2352 quum
1192 2256 1239 2326 ab

209 2379 300 2470 aliis,
334 2393 411 2450 tum
431 2380 478 2451 ab
504 2385 582 2478 ipso
608 2382 834 2470 Quintiliano
856 2383 923 2476 (a),
947 2394 1120 2476 tanquam
1145 2379 1236 2450 nihil

209 2503 253 2575 ad
269 2529 342 2574 rem
354 2507 583 2601 pertinentia,
600 2505 769 2576 Sallustio
782 2504 926 2598 objecta
940 2501 1101 2591 luerunt,
1118 2506 1238 2572 nescio

100 2713 102 2716 Ι
209 2651 252 2698 att
267 2627 351 2698 intle
366 2641 508 2724 sumpta
522 2625 668 2698 fuerint.
685 2632 832 2700 Constat
842 2641 936 2698 certe
949 2630 1110 2722 Origines
1125 2651 1240 2724 prooe-

211 2754 321 2820 mium
340 2749 499 2844 ejusdem
525 2754 664 2846 generis
687 2748 876 2838 habuisse,
897 2748 1001 2841 eujus
1017 2747 1140 2842 aliqua
1159 2747 1238 2818 loca

209 2888 359 2945 exstant.
375 2879 561 2946 Haecenim
576 2871 697 2960 verbe,
713 2898 794 2970 quae
801 2877 917 2970 prima
928 2875 1111 2967 Originum
1121 2886 1236 2959 erant,

210 3001 818 3094 servavitgrannnaticusPompeius
829 2994 881 3094 (5)
896 3023 904 3067 :
917 2999 1072 3090 «Siquos
1083 3009 1167 3082 sunt
1176 2995 1240 3064 ho·

211 3103 325 3193 mines
347 3147 440 3219 qnos
461 3122 612 3194 delectat
633 3121 760 3219 populi
776 3123 931 3192 Rotnani
952 3143 1005 3190 res
1026 3133 1139 3215 gestas
1157 3119 1237 3189 des·

245 3525 280 3595 (u
300 3524 363 3592 XX,
381 3526 407 3578 5.
420 3523 531 3593 altaque
544 3539 593 3594 ego
606 3523 814 3594 cognobiliorem
826 3521 1005 3592 cognitionem
1016 3534 1075 3575 esse
1089 3517 1236 3573 arbitror.»

209 3611 327 3667 Verbum
339 3617 434 3684 :eutem
451 3611 615 3684 coynobilis,
632 3618 701 3668 teste
713 3611 812 3681 Gellio,
829 3611 879 3664 hoo
890 3609 947 3666 loco
960 3609 1030 3664 idom
1043 3614 1087 3666 est
1098 3624 1130 3664 au
1138 3608 1236 3670 ξυνετός.

243 3707 279 3770 (2)
299 3707 343 3758 tu.
354 3725 365 3755 a
379 3705 414 3760 ll.
423 3705 498 3774 Cato,
512 3704 598 3774 legem
606 3703 755 3760 suadensin
765 3701 889 3762 Galbam.
901 3700 984 3755 multa
996 3700 1076 3770 (lixit,
1087 3713 1169 3772 quam
1181 3711 1243 3752 ore·

208 3787 348 3849 tionem'in
361 3793 486 3866 Ortytnes
499 3809 561 3850 sues
572 3793 671 3849 retulit.
690 3811 703 3844 t

244 3883 280 3952 (3)
301 3883 359 3938 Lib.
377 3883 419 3936 49.
434 3904 445 3934 a
457 3884 550 3938 Exstat
560 3883 645 3939 oratio
656 3883 681 3937 in
695 3881 836 3938 annalibus
849 3883 907 3954 ejus
922 3880 1036 3936 inclusa.
1055 3900 1067 3930 n

244 3975 282 4039 (t)
300 3973 344 4039 lll,
365 3977 391 4026 8.
407 3993 419 4024 a
435 3971 545 4044 Crispus
565 3972 707 4028 Sallustius
727 3973 753 4027 in
769 3973 839 4028 bollo
859 3970 1018 4043 iugurthino
1036 3976 1064 4026 et
1087 3967 1241 4023 Catilinario

208 4059 273 4116 nihil
287 4059 319 4114 atl
330 4059 468 4115 historiam
482 4060 675 4131 pertinentibus
689 4062 827 4133 principiis
841 4077 918 4117 orsus
929 4067 981 4117 est.
996 4078 1009 4110 »

244 4154 281 4219 (5)
299 4149 451 4224 Pompeiae,
468 4149 570 4206 Gonim.
586 4158 636 4208 art.
652 4151 750 4208 Donat.
766 4169 792 4223 μ.
808 4153 871 4207 etti.
887 4151 934 4206 Ed.
950 4149 1056 4205 Lindm.
