2974 4746
667 467 806 524 ..5-

227 641 316 707 rem,
335 614 515 688 furtorum
531 617 694 696 historici
709 619 911 720 adjutorem
926 593 1115 710 referebat,
1137 638 1176 695 ut
1191 630 1255 722 qui

226 748 376 839 antiqua
394 741 502 813 verba
521 758 555 814 et
571 741 705 840 figuras
720 729 849 816 solitus
872 742 979 816 fuerit
1000 746 1170 842 colligere
1186 749 1258 820 Sal·

226 865 349 938 lustio.
373 871 462 938 Rem
483 891 568 938 vero
589 865 713 937 falsam
736 866 892 939 affirmat
910 873 1122 961 Suetonius,
1148 878 1255 945 mira·

220 1006 359 1088 -turque
394 1016 471 1063 eam
499 991 692 1064 credidisse
711 995 896 1082 Asinium,
917 997 981 1090 qui
1001 998 1106 1064 sciret
1129 1025 1145 1060 a
1164 997 1256 1068 nihil

231 1114 368 1186 «aliud
395 1115 465 1186 sibi
481 1115 631 1188 suadere
659 1121 800 1196 Ateium
827 1142 936 1216 quam
966 1132 1005 1188 ut
1030 1133 1118 1190 noto
1142 1119 1255 1191 civili·

232 1271 247 1303 a
270 1264 342 1337 que
380 1255 415 1311 et
446 1245 594 1338 proprio
630 1265 794 1311 sermone
831 1254 1019 1330 uteretur,
1056 1250 1257 1342 vitaretque

231 1395 246 1429 v
271 1369 423 1435 maxime
452 1363 707 1436 obscuritatem
741 1362 897 1435 Sallustii
929 1379 963 1434 et
993 1365 1182 1439 audaciam
1219 1374 1256 1440 iu

230 1487 620 1560 «translationibus»
654 1488 759 1559 Unde
787 1503 882 1586 patet
912 1494 980 1587 ipsi
1012 1491 1149 1563 rhetori
1178 1520 1251 1565 riou

229 1611 422 1710 probatum
447 1610 556 1682 fuisse
580 1610 683 1682 illum
709 1610 878 1710 discipuli
898 1617 954 1683 sui
975 1638 1127 1704 morem,
1155 1633 1188 1688 et
1212 1619 1257 1690 ab

228 1760 272 1806 eo
286 1752 442 1808 veterum
457 1740 648 1806 imitationi
663 1735 842 1806 tributum
854 1735 952 1833 quod
966 1762 1040 1808 nou
1053 1745 1136 1812 satis
1152 1738 1258 1838 plana

229 1874 264 1932 et
283 1865 472 1959 perspicua
495 1864 539 1930 sit
562 1859 719 1932 Sallustii
745 1865 863 1930 oratio
886 1915 894 1948 ,
924 1859 1124 1958 figurisque
1146 1861 1258 1932 auda·

229 1985 390 2060 oloribus
404 1984 570 2057 luxuriet.
824 2078 826 2083 Δ

277 2114 344 2184 Cui
368 2108 507 2203 judicio
528 2113 666 2180 stetisse
691 2112 890 2203 Augustum
916 2133 1024 2178 nemo
1051 2107 1254 2198 mirabitur,

229 2261 343 2332 quum
361 2259 424 2331 per
438 2238 649 2303 Suetonium
661 2233 713 2328 (t)
729 2237 972 2330 acceperimus
991 2257 1075 2303 eum
1096 2263 1112 2298 ι(
1132 2259 1258 2305 recou-

229 2358 390 2429 ditorum
407 2356 599 2428 verborum
614 2354 775 2442 soetoreS,
793 2389 809 2422 »
830 2371 868 2428 ut
885 2362 959 2454 ipse
971 2355 1103 2442 aiebat,
1120 2380 1261 2454 semper

231 2488 418 2574 vitavisse,
447 2486 739 2580 praecipuamque
760 2505 840 2551 eum
874 2505 998 2552 curam
1026 2479 1189 2568 duxisse,
1220 2496 1260 2551 ut

234 2639 250 2672 a
279 2632 424 2678 sensum
459 2610 570 2676 animi
601 2631 710 2700 qrram
740 2610 962 2703 apertissime
988 2609 1256 2702 exprimeret.»

230 2739 355 2829 Itaque
366 2737 421 2801 vir
434 2735 497 2828 qui
514 2737 623 2829 patris
638 2729 798 2827 adoptivi
819 2730 989 2803 subtilem
1010 2749 1044 2803 et
1061 2731 1258 2803 dilucidam

230 2862 430 2928 orationem
467 2854 536 2926 sibi
571 2853 751 2952 exemplar
773 2870 1027 2953 proposuerat,
1056 2861 1260 2953 pariterque

229 2985 449 3078 antiquarios
469 2993 504 3049 et
519 2985 636 3051 inanis
651 2977 834 3076 elegantiae
851 2995 1028 3050 amatores
1040 2975 1258 3066 fastidiebat,

231 3109 281 3175 sic
304 3109 353 3176 M.
368 3107 578 3198 ¹Antonium
602 3108 796 3174 insectatus
820 3117 889 3188 est,
913 3127 1012 3172 utine
1036 3100 1259 3173 exoletarum

234 3253 384 3317 vocum,
407 3253 507 3298 nuuc
535 3232 696 3298 Asiaticae
722 3226 938 3323 eloquentiae
971 3240 1257 3324 aucupatorem:

236 3385 251 3420 a
279 3359 407 3451 Tuque
438 3352 584 3424 dubitas
613 3351 807 3425 Cimberne
835 3354 975 3420 Annius
1009 3375 1053 3422 au
1085 3355 1260 3422 Veranius

235 3509 251 3544 «
280 3475 606 3548 Flaccus-imitandi
624 3475 689 3546 tibi
706 3480 789 3562 siut,
807 3479 855 3544 ita
874 3488 911 3544 ut
933 3475 1049 3545 verbis
1065 3501 1146 3572 quae
1164 3480 1259 3546 Cris-

171 3668 174 3674 .
235 3633 251 3668 κ
279 3628 348 3701 pus
360 3601 548 3673 Sallustius
565 3605 742 3698 excerpsit
753 3623 794 3669 ex
809 3599 1011 3696 Originibus
1025 3603 1172 3671 Catonis
1188 3613 1259 3669 uta·

235 3757 251 3791 v
281 3727 353 3796 ris?
375 3750 420 3796 au
447 3730 567 3823 potius
590 3728 828 3794 Asiaticorum
855 3738 1057 3811 oratorum,
1087 3721 1260 3792 inanibus

235 3881 251 3914 ι(
280 3856 479 3938 sententiis,
502 3848 696 3921 verborum
717 3847 926 3918 volubilitas
945 3853 980 3916 iu
1000 3860 1164 3917 nostrum
1187 3871 1258 3916 ser·

267 4147 305 4210 (t)
325 4143 415 4198 Goesor
427 4141 511 4214 Auo,
527 4157 549 4196 c.
565 4144 609 4196 86.
