2974 4746
700 411 746 488 ..’
761 444 799 504 50
821 472 859 486 ...

269 631 285 668 u
315 623 424 697 quarn
440 623 506 695 ego
523 597 696 697 praedam,
715 622 833 694 neque
851 595 949 694 quod
971 594 1016 666 tle
1036 593 1201 666 hostibus
1216 617 1294 692 cap·

269 755 284 790 u
315 739 393 797 turn
424 737 531 810 esset,
571 745 689 818 neque
735 719 945 807 manubias,
987 725 1081 789 inter
1117 708 1294 816 pauculos

263 878 285 914 ,ιι
314 851 449 918 amicos
468 870 568 918 ineos
600 845 727 935 divisi,
753 859 794 914 ut
821 844 892 914 illis
922 848 1111 940 eriperem,
1138 847 1203 938 qui
1238 865 1294 912 ce·

268 999 285 1036 «
313 974 492 1066 pissent...
510 972 705 1064 Nunquam
724 993 791 1066 ego
810 980 997 1063 argentum
1015 990 1082 1062 pro
1105 970 1192 1034 vino
1206 985 1294 1034 con'-
1402 1045 1406 1052 Ι

249 1112 285 1156 ·«
313 1097 427 1188 giario
442 1098 536 1162 inter
555 1097 777 1189 apparitores
799 1106 908 1187 atque
932 1093 1068 1160 amicos
1091 1112 1190 1158 meus
1219 1088 1290 1158 dis·

269 1244 285 1279 a
315 1214 405 1302 didi,
422 1237 542 1309 neque
560 1237 622 1286 eos
643 1214 739 1286 malo
760 1214 910 1313 publico
930 1213 1057 1304 divites
1070 1211 1149 1306 leci.
1176 1241 1192 1275 ι)

313 1341 437 1427 Quum
461 1351 581 1408 autem
597 1337 722 1410 desua
740 1353 841 1410 aetate
853 1336 976 1408 scribit
1000 1335 1203 1421 Sallustius,
1216 1357 1291 1403 non

266 1464 378 1554 tnagis
396 1465 507 1556 parcit
522 1460 724 1550 nobilibus,
745 1487 905 1557 quorum
933 1457 1140 1556 superbiam
1165 1463 1295 1554 saepius

267 1595 456 1670 memorat,
476 1605 571 1676 quos
593 1587 644 1652 ait
673 1611 690 1648 tt
711 1588 949 1678 magistratus,
980 1585 1185 1678 provincias
1204 1578 1291 1650 alia·

270 1732 286 1767 ι(
314 1728 387 1798 que
413 1711 536 1776 omnia
561 1719 694 1796 tenere,
729 1711 795 1803 ipsi
824 1709 978 1793 innoxii,
1009 1701 1192 1791 florentes,
1219 1707 1295 1773 sine

263 1857 286 1898 ,α
317 1842 413 1898 ructu
458 1843 594 1902 aetatem
633 1854 737 1927 agere
775 1846 992 1925 caeterosque
1030 1825 1175 1921 judiciis
1224 1840 1293 1896 ter·

270 1979 286 2014 u
316 1973 393 2020 rere
411 1952 476 2047 (t),
502 1983 518 2017 »
540 1953 689 2049 quibus,
719 1977 762 2024 eo
793 1927 952 2034 auctore,
995 1979 1011 2014 ι(
1046 1953 1148 2045 quasi
1179 1947 1294 2044 pollui

271 2103 288 2137 «
316 2073 525 2146 consulatus
540 2075 742 2164 videbatur,
764 2080 793 2144 si
808 2099 907 2162 euni,
927 2076 1093 2169 quamvis
1119 2076 1292 2168 egregius,

270 2226 295 2288 tt,
316 2197 429 2268 homo
446 2223 562 2270 novus
576 2199 727 2297 adeptus
744 2198 837 2270 loret
855 2197 919 2294 (a).
939 2225 956 2262 n
974 2195 1104 2267 Eadem
1126 2195 1297 2299 nobilita-

269 2327 311 2392 tis
330 2320 567 2419 exagitatione
586 2321 714 2396 referta
735 2337 787 2394 est
805 2325 854 2393 Μ.
885 2324 1030 2412 Catonis
1054 2318 1099 2390 de
1126 2321 1296 2415 conjura-

269 2451 312 2518 tis
326 2453 455 2535 oratic,
470 2474 563 2546 quae,
585 2453 654 2520 nisi
673 2446 793 2537 fallor,
819 2471 892 2517 non
913 2453 1035 2518 minus
1057 2469 1167 2541 quam
1194 2449 1295 2514 Marii

269 2576 399 2658 oratio,
420 2576 531 2642 Prisci
547 2575 695 2642 (tatonis
714 2570 959 2668 eloquentiam
979 2583 1014 2640 et
1031 2573 1216 2664 ingenium
1243 2591 1294 2638 re·

269 2690 378 2781 dolet,
392 2708 426 2764 et
440 2699 551 2790 magis
565 2694 610 2766 ad
624 2698 861 2766 imitationem
881 2697 1042 2766 Censorii
1064 2690 1168 2780 ficta,
1186 2715 1296 2787 quarn

268 2837 309 2884 ex
328 2820 413 2911 ipsis
436 2819 613 2888 Uticensis
639 2817 757 2888 verbis
779 2823 977 2914 perscripta
1006 2813 1115 2888 luisse
1139 2814 1294 2886 videtur.
1355 2825 1361 2836 '

269 2943 371 3011 Certe
384 2943 529 3010 Catonis
548 2945 663 3012 nostri
682 2955 757 3012 tota
775 2946 830 3010 vis
848 2954 997 3036 totaque
1025 2945 1194 3038 asperitas
1209 2939 1295 3008 huic

268 3059 352 3134 loco
371 3067 462 3138 inest
483 3089 491 3132 :
516 3093 532 3128 a
554 3061 635 3152 Sed,
648 3087 712 3161 per
726 3062 814 3134 deos
826 3062 1053 3152 immortalis,
1072 3087 1134 3134 vos
1151 3086 1217 3158 ego
1234 3057 1297 3132 ad·

273 3215 289 3248 «
319 3184 429 3282 pello,
448 3191 512 3282 qui
526 3210 681 3290 ‘setttper
708 3185 852 3276 domos,
883 3184 1000 3273 villas,
1020 3183 1298 3282 signa‚'tabulas

273 3337 290 3372 «
319 3323 450 3379 vestras
468 3307 584 3406 pluris
607 3334 717 3406 quam
736 3308 999 3407 rempublicam
1019 3306 1195 3380 lecistis...
1215 3310 1297 3380 Non

273 3462 290 3498 u
318 3438 436 3528 agitur
457 3433 502 3504 de
521 3432 756 3531 vectigalibus
786 3457 905 3529 neque
924 3432 971 3504 de
997 3437 1178 3504 sociorum
1203 3433 1298 3527 inju-
1385 3485 1388 3490 .

273 3586 290 3621 α
319 3562 394 3646 riis,
424 3557 569 3629 libertas
590 3572 626 3628 et
641 3561 760 3628 anima
778 3571 898 3627 nostra
912 3561 949 3626 in
973 3554 1089 3626 dubio
1108 3570 1204 3628 est...
1223 3559 1301 3626 Sint

273 3708 289 3746 u
318 3703 417 3770 sane,
449 3685 623 3777 quonian]
659 3704 777 3752 mores
803 3685 852 3752 ita
886 3704 922 3750 se
954 3677 1104 3769 babent,
1136 3677 1300 3751 liberales

307 3990 340 4061 ll)
363 3989 420 4047 Gal.
436 3993 481 4049 39.

239 4117 249 4136 .
305 4078 343 4154 (i)
364 4078 434 4136 Ibid.
451 4081 494 4137 23.
