2974 4746
606 465 768 536 ..(5-

168 638 268 729 gines
287 631 329 703 ad
351 655 581 702 communem
606 632 785 706 scribendi
800 657 936 705 morem
957 639 1151 733 pertinent,
1166 651 1201 708 et

168 761 284 826 virum
312 763 483 826 rusticum
509 779 550 826 ac
584 755 775 827 militarem
804 756 920 828 multo
954 765 1064 856 magis
1089 783 1201 857 quam

168 894 310 980 poetam
328 878 468 950 decent.
483 878 589 970 Quod
602 903 716 976 genus
731 895 784 951 est
796 880 858 952 itta
870 891 978 980 'supra
995 882 1165 980 laudata(
1189 889 1203 980 )

170 1008 257 1074 vitae‘
279 1004 447 1084 humanae
466 1027 549 1075 cum
571 1002 666 1074 ferro
692 1010 939 1102 comparati03
968 1005 1091 1103 qualia
1118 1020 1204 1078 sunt

169 1129 246 1200 haee
276 1126 396 1226 lepide
413 1126 535 1198 dicta:
562 1127 764 1198 Antiochus
798 1127 956 1225 epr'stolis
982 1129 1114 1200 bellum
1138 1126 1202 1226 gess

169 1257 232 1336 rit;
248 1251 391 1322 calamo
407 1267 443 1320 et
456 1266 656 1323 atramento
666 1249 792 1323 militat
804 1251 1206 1348 (a).-,—Vecticulariam

170 1381 283 1446 vitum
303 1381 423 1445 vivere
444 1375 510 1471 (3).
535 1418 569 1428 -
590 1383 699 1446 dures
716 1375 823 1447 nobis
841 1376 1066 1448 callucerunt
1085 1377 1207 1472 (occas

172 1499 334 1595 luerunt)
354 1498 398 1570 ad
419 1500 567 1594 injurias
581 1499 648 1594 (d).
671 1541 714 1552 ·-
734 1503 923 1571 Pecuniam
939 1500 1115 1598 inlargibo
1137 1500 1203 1572 tibi

173 1622 284 1720 (5).--
292 1628 325 1695 Si
335 1639 453 1721 posset
463 1629 583 1694 auctio
587 1622 874 1720 fierideartibns
884 1628 968 1712 tuiS,
981 1630 1084 1720 qttusi
1090 1625 1205 1721 supel-

173 1746 1204 1844 lectc'lz's(ti)soiet3etiamquenonnullaambiguedicta‚ut,

172 1887 320 1943 auctore
338 1877 511 1944 Cicerone
523 1872 588 1970 (7),
612 1871 776 1944 Fulvium
792 1871 1031 1956 Nobiliorem,
1043 1877 1079 1941 in
1096 1895 1206 1968 quem

173 1994 282 2066 verba
300 1989 467 2084 faciebat,
498 2017 604 2092 parva
627 1993 728 2066 verbi
759 1999 1014 2065 immutatione
1043 1992 1206 2066 mobilia*

175 2117 402 2208 remdixerat3
419 2117 529 2213 quale
547 2122 653 2189 etiam
674 2116 745 2188 hoc
764 2132 840 2188 est:
858 2147 875 2182 ι(
896 2119 943 2188 Ut
962 2116 1122 2215 populns
1141 2141 1206 2190 sua

183 2269 198 2308 a
212 2266 321 2338 opera
333 2249 454 2340 potius
466 2242 516 2313 ob
528 2267 601 2314 rem
611 2242 846 2338 benegestam
855 2241 1099 2339 supplicatum
1111 2265 1208 2312 coro·

142 2349 144 2353 ⁸
179 2395 196 2431 a
212 2358 1205 2464 ηατιιεοιιιμῑυαηιι’θῐηαίεςθεῐειοονοηαιιιόνεηεαι(8).»

177 2488 282 2560 Unde
307 2488 348 2559 fit
369 2504 410 2565 ut
432 2489 585 2560 libenter
603 2487 817 2560 crediderim
835 2492 876 2558 T.
899 2493 1053 2576 Livium,
1070 2493 1107 2557 in
1126 2509 1211 2558 ora·.

178 2619 276 2686 tione
299 2613 344 2687 de
358 2613 435 2710 lege
454 2617 570 2711 Oppia
595 2613 668 2706 (9),
689 2636 775 2708 qua,
800 2615 972 2682 Catonem
995 2609 1204 2707 toquentem

179 2737 369 2828 inducens,
387 2742 452 2807 viri
468 2741 653 2834 ingenium
669 2751 703 2806 et
716 2735 859 2806 dicendi
879 2757 992 2831 genus
1015 2738 1101 2802 mira
1122 2757 1208 2804 sanc

178 2876 253 2932 arte
272 2859 426 2948 effinxit,
443 2885 484 2932 ex
505 2866 584 2958 ipso
603 2865 739 2931 Catone
756 2858 918 2928 hausisse
928 2856 1000 2928 hoc
1017 2880 1036 2926 a
1052 2879 1206 2927 cousue-

180 3079 275 3152 {torere
287 3080 362 3137 dixit.
375 3081 517 3150 Praeterea,
529 3087 609 3136 aetate
620 3095 667 3150 ea,
679 3080 748 3135 inter
759 3077 878 3134 carmina
896 3082 924 3132 et
941 3075 1054 3132 solutam
1064 3076 1212 3138 orationem

180 3171 299 3227 nondum
310 3178 413 3228 certum
424 3176 452 3226 et
465 3178 595 3226 statutum
607 3175 664 3226 crat
678 3169 830 3226 discrimen.
845 3157 982 3223 Interdum
995 3171 1085 3220 autam
1098 3165 1213 3220 rustico·

181 3276 240 3315 mm
255 3259 587 3331 acrissapientiaassurgit
597 3259 630 3314 ad
644 3256 833 3330 poetica.Vide
842 3256 869 3310 in
880 3255 975 3310 Satira
987 3253 1131 3324 Menippea
1143 3255 1214 3308 Pari-

181 3350 277 3405 siensis
289 3349 366 3417 civis,
381 3349 528 3421 d'Aubray,
544 3347 700 3405 orationem.
1159 3362 1163 3370 ·

217 3443 253 3506 (t)
275 3438 341 3495 Vide
356 3454 417 3511 pag.
432 3439 476 3495 27.

219 3530 255 3600 (t)
274 3527 350 3583 Orat.
365 3525 438 3598 apud
449 3525 621 3580 Adunicates
635 3523 815 3594 (Rufinianus,
827 3520 860 3577 dc
870 3520 970 3591 figuris,
983 3536 1010 3592 p.
1026 3523 1097 3586 t99t.

218 3621 254 3684 (3)
272 3617 383 3687 Fraym.
397 3617 493 3670 iaceat.
505 3613 610 3670 Festus„

219 3707 255 3774 (i)
274 3704 394 3760 De'beiio
406 3703 534 3775 Gartday.
549 3704 678 3769 (Nonius).

220 3799 257 3861 (5)
276 3795 351 3850 Orat.
366 3812 399 3848 ne
413 3793 458 3848 icc
468 3791 561 3847 Baebia
573 3791 756 3862 dct'opuretur.
770 3787 881 3844 Nonius.

221 3887 257 3951 (6)
275 3886 321 3938 (tr.
336 3867 430 3938 contra
442 3881 578 3936 Tiberium
587 3879 717 3934 casulem.
727 3879 857 3934 Priscian.
873 3884 894 3932 t.
911 3881 976 3950 Μ).
993 3880 1053 3934 285.

221 3973 256 4042 (7)
275 3973 313 4026 De
327 3979 395 4026 orat.
411 3973 442 4039 ii,
459 3976 503 4027 63.

222 4065 257 4126 (8)
278 4061 312 4115 Dc
325 4077 354 4114 rc
367 4060 486 4114 militari
497 4059 566 4126 iibri,
582 4060 657 4125 Lion,
673 4056 835 4120 Catoniana,
846 4073 873 4129 p.
888 4057 930 4111 i3.

224 4151 260 4221 (9)
279 4149 335 4205 Lib.
351 4148 478 4216 XXXIV,
492 4149 518 4202 4.

367 4242 392 4292 3.
