2974 4746
668 461 841 519 ..60-

240 613 392 690 cribere.
413 647 428 684 n
453 621 633 706 Praeterea,
658 622 782 692 Cicero
798 620 852 719 (ι)
884 617 1071 694 laudatius
1092 623 1275 720 Originum

239 744 421 842 principio
452 747 665 814 sententiam
687 767 795 842 quam
822 749 873 817 ait
893 768 928 816 sc
948 769 1090 844 semper
1116 743 1278 844 ntagnill·

245 887 324 936 cam
349 878 382 934 et
408 863 613 963 praeclaram
635 871 812 964 putavisse
834 894 842 940 t
868 854 1093 946 utilarorum
1119 871 1277 940 virorum

251 1002 392 1084 eatque
412 1011 626 1085 triagnorum
643 1016 717 1062 non
740 996 859 1063 minus
869 997 933 1063 otii
946 1015 1056 1089 quam
1075 995 1210 1089 negotii
1228 1015 1281 1062 ra·

252 1142 269 1182 a
284 1117 418 1183 tionem
435 1126 572 1184 exstare
591 1129 797 1212 oportere.»
814 1121 990 1187 Eaautem
1003 1141 1084 1186 cum
1098 1119 1282 1187 sententiis

250 1235 408 1309 Sallustii
427 1239 461 1305 in
481 1241 661 1334 principio
686 1238 852 1310 Catilinae
870 1265 910 1311 ac
935 1245 1127 1337 praesertim
1152 1235 1282 1335 Jug'nr-

253 1363 326 1433 tltcc
340 1366 428 1431 mire
442 1376 662 1457 congruunt.
677 1366 747 1452 Qui
759 1379 876 1434 autem
894 1389 933 1434 ea
946 1347 1121 1461 prooemia
1132 1369 1284 1434 omuino

255 1486 443 1575 damnant,
465 1485 553 1555 inihi
574 1493 684 1557 seueri
709 1487 801 1558 ultra
829 1487 978 1558 modum
998 1488 1136 1582 judices
1160 1487 1285 1558 videu-

256 1626 336 1698 tm·;
370 1633 453 1680 narn
488 1614 713 1707 scriptorem,
749 1637 825 1706 quo
855 1617 1002 1697 annuc,
1044 1635 1116 1707 qna
1149 1613 1287 1682 ratione
1358 1701 1363 1710 ι

256 1737 457 1832 scripturus
478 1735 535 1819 sit,
561 1732 758 1804 lectoribus
773 1759 952 1832 exponere
965 1759 1029 1832 par
1048 1749 1112 1804 est.
1134 1739 1208 1804 Nec
1222 1758 1288 1829 ego

257 1861 334 1955 ipsa
354 1881 470 1956 perse
488 1856 648 1929 Sallustii
668 1857 848 1956 culpanda
864 1863 1042 1957 prooemia
1058 1855 1286 1945 crediderim,

259 1980 319 2052 sed
350 1996 488 2052 tantum
521 1980 619 2078 qnod
654 1981 829 2054 orationis
863 1997 987 2052 tenore
1018 1981 1291 2078 magnificisque

261 2108 446 2174 sententiis
459 2119 669 2199 utrumqne,
693 2119 727 2174 et
743 2109 1047 2202 praemonendus
1066 2103 1109 2174 nd
1122 2103 1294 2174 declama·

263 2232 399 2298 tionem
420 2231 571 2325 propius
585 2225 744 2298 accedat.

312 2354 513 2446 Supersunt
527 2362 665 2418 tantum
683 2347 903 2420 conferenda
921 2373 961 2419 ea
974 2374 1054 2446 quae
1070 2347 1112 2418 ad
1130 2347 1295 2418 locorum

265 2477 386 2558 situm,
410 2462 631 2569 populorum
658 2495 775 2541 mores
799 2486 1027 2567 veteremque
1052 2471 1239 2548 historiam
1259 2474 1296 2540 in

264 2597 434 2671 Sallustio
454 2601 646 2694 pertinent.
669 2600 758 2686 Qnae
784 2597 931 2693 quidem
957 2623 1029 2668 non
1057 2602 1180 2667 omnia
1197 2601 1297 2666 inveu

267 2726 345 2793 nias
364 2725 402 2791 in
425 2719 593 2806 Catilina,
615 2726 791 2815 quoniam
812 2744 856 2791 co
882 2721 977 2790 libro
1002 2745 1057 2791 res
1078 2721 1295 2806 domestica,

270 2869 388 2942 neque
410 2857 509 2914 extra
529 2848 679 2914 Romam
705 2849 816 2941 ipsam
834 2859 896 2914 aut
916 2843 1041 2914 saltem
1056 2849 1206 2914 Etiuiriae
1222 2839 1300 2912 sau-

234 2983 236 2990 ’
269 2993 328 3040 ces
337 2991 523 3065 progressa
536 2972 665 3062 agitur.
679 2966 761 3056 Sed,
774 2991 983 3064 quanquam
995 2966 1153 3037 Sallustii
1166 2991 1298 3063 propo·

272 3097 381 3162 situm
400 3088 447 3160 ab
467 3094 608 3186 origine
622 3104 655 3160 et
670 3094 779 3160 initiis
791 3089 892 3160 urbis
904 3095 1028 3158 Rornae
1042 3075 1302 3160 alienissimum

273 3229 360 3302 erat,
384 3227 501 3284 tamen
523 3219 638 3310 pruna
659 3211 717 3281 illa
739 3227 901 3310 tempora
934 3227 1111 3308 repetere,
1139 3226 1173 3281 et
1198 3234 1302 3281 occa-

233 3355 235 3360 ·
274 3342 376 3408 sione
399 3340 627 3434 presentium
651 3359 793 3404 morum
815 3339 984 3430 antiquos
1009 3333 1201 3432 praedicare
1230 3358 1304 3402 riou

276 3465 408 3532 omisit.
425 3464 517 3530 Eum
528 3475 648 3530 autem
663 3457 708 3531 de
722 3460 844 3554 puscis
855 3457 965 3528 ltatiae
975 3455 1177 3527 cultoribus
1194 3455 1309 3525 tubis·

278 3609 351 3682 que
364 3588 485 3654 Rornae
504 3580 758 3653 conditoribus
771 3585 917 3652 Catonis
937 3585 1187 3652 auctoritatem
1205 3577 1307 3649 secu-

281 3723 357 3779 tum
374 3732 448 3778 esse
467 3713 565 3779 testis
585 3721 635 3777 est
650 3705 866 3803 Servius(2)‚
878 3720 914 3776 et
931 3730 972 3776 ex
990 3710 1107 3804 primo
1126 3708 1311 3800 Originum

318 3952 356 4015 (t)
375 3951 428 4005 Pro
439 3947 560 4017 Plancio,
575 3949 620 4001 at.

318 4041 355 4101 ti)
375 4037 414 4092 Ad
427 4037 490 4089 AEn.
501 4035 521 4105 l,
535 4039 550 4089 6
563 4053 568 4089 :
582 4057 594 4086 tt
606 4035 670 4091 Cato
682 4034 709 4090 in
722 4033 882 4106 Ori9inibns
896 4034 946 4089 hoc
959 4035 1032 4102 dicit,
1043 4036 1119 4105 cujus
1130 4029 1314 4087 auctoritatem

283 4125 404 4200 sequitur
420 4123 562 4181 Sallustius
581 4125 606 4182 iu
623 4123 691 4182 bello
707 4123 849 4183 Catilinas:
867 4122 954 4180 Primo
971 4123 1077 4180 Italiam
1098 4120 1216 4180 tenuisse
1235 4132 1314 4196 quos·
