2954 4766
699 420 857 478 ..32-

267 612 283 642 r
313 585 481 652 Praeterea
520 577 670 662 divitiae,
693 577 821 658 decus,
854 573 991 669 gloria,
1020 576 1055 640 in
1085 571 1201 642 oculis
1227 582 1301 646 sita

267 737 281 767 ιι
313 719 442 803 suut..
467 709 547 780 Res,
569 717 724 800 tempus,
748 697 917 798 pericula,
939 708 1092 790 egestas,
1112 693 1197 765 belli
1213 724 1301 794 spo-

267 859 282 893 «
313 827 359 898 lia
394 824 595 922 magnilica,
617 829 728 919 magis
747 825 989 918 quanturatiu
1021 845 1095 892 mea
1119 847 1180 892 ros
1207 821 1298 892 hor-

184 948 189 958 ·
267 981 282 1014 u
314 964 445 1018 teutur.
465 983 480 1010 r

315 1077 353 1142 ln
374 1069 622 1142 enumerando
636 1075 780 1141 maximi
798 1095 884 1140 usus
895 1085 946 1140 est
963 1095 1003 1142 ea
1018 1069 1162 1142 dicendi
1177 1067 1297 1166 figura

266 1223 346 1293 quae
380 1201 598 1268 narrativum
627 1192 845 1264 infinitivum
883 1210 1055 1283 rocatnr3
1083 1219 1198 1291 eaque
1229 1220 1297 1292 pu-

269 1327 443 1392 tissimum
460 1325 495 1389 iu
514 1319 622 1389 rebus
638 1317 883 1388 describendis
901 1333 935 1389 et
955 1325 1059 1416 quasi
1074 1318 1297 1390 anteorulos

267 1443 446 1544 ponendis
460 1442 657 1539 plurimum
673 1441 776 1512 valet.
799 1444 883 1512 Eam
901 1457 1032 1531 antem,
1051 1447 1087 1513 in
1107 1439 1186 1512 aliis
1201 1466 1295 1537 quo·

266 1593 337 1664 que
358 1592 475 1637 rerum
488 1565 740 1664 scriptoribus,
753 1589 794 1636 ae
805 1570 985 1664 praecipue
999 1571 1036 1635 in
1048 1565 1295 1636 Liriocreber·

267 1698 392 1762 rimam
407 1695 419 1786 l
429 1692 659 1786 1),quantum
672 1689 783 1761 soleat
798 1689 971 1760 adhibere
985 1689 1174 1761 Sallustius
1186 1715 1294 1760 nemo

267 1822 391 1886 nescit.
422 1815 485 1886 Vel
509 1831 640 1885 temere
662 1813 775 1885 libros
794 1816 872 1909 ejus
896 1815 1072 1886 evolventi
1095 1829 1294 1885 occurrunt

266 1946 381 2011 statim
401 1941 512 2011 multa
527 1940 582 2010 liis
601 1937 731 2010 similia
750 1967 757 2009 :
774 1969 790 2003 a
808 1943 857 2009 Ex
872 1938 942 2010 illis
963 1953 1067 2010 testes
1078 1945 1293 2036 signatores·

270 2097 285 2130 α
316 2089 388 2160 qne
408 2063 515 2134 salsos
529 2062 776 2150 commodare,
793 2061 919 2150 sidem,
937 2063 1113 2149 fortunas,
1135 2063 1294 2160 pericula

270 2220 285 2254 α
316 2187 399 2259 vilia
432 2186 578 2277 babere,
606 2205 691 2275 etc.,
730 2219 745 2252 »
775 2202 808 2258 et
835 2187 944 2284 paulo
973 2187 1095 2258 inira:
1130 2192 1292 2259 «Primo

269 2344 285 2377 «
314 2310 477 2407 singulus
505 2309 705 2408 adpellare,
729 2311 865 2386 hortari
889 2311 1001 2402 alim,
1023 2311 1112 2382 alios
1137 2325 1293 2398 tentare,

267 2465 283 2498 a
313 2458 400 2531 upes
420 2458 516 2518 suas,
534 2439 746 2532 imparatam
768 2433 1044 2532 rempublicam,
1067 2457 1195 2530 magna
1211 2459 1296 2532 prce·

267 2589 283 2622 «
314 2565 385 2628 mia
410 2557 672 2651 conjurationis
699 2557 830 2628 docere
846 2558 908 2653 (a).
935 2589 951 2622 >a
984 2563 1024 2628 lu
1046 2563 1191 2629 Catonis
1207 2583 1296 2654 quu-

264 2707 341 2778 que
356 2704 568 2777 quanquam
590 2680 807 2752 brevissimis
830 2680 1039 2776 fragmentis
1063 2687 1297 2752 inveniuntur

265 2804 425 2900 ejusdem
466 2809 514 2873 rri
540 2802 732 2902 exempla3
763 2817 828 2889 nt,
855 2808 892 2872 iu
923 2807 1108 2900 Originum
1139 2804 1232 2875 libro
1251 2810 1292 2876 l:

269 2957 285 2990 «
307 2930 421 3020 Igitur
445 2931 549 2995 tertio
560 2925 701 3022 pedatu
724 2925 882 3022 (accessu
898 2925 951 2996 vel
970 2931 1142 3023 repetitu)
1158 2925 1295 2997 bellum

267 3048 373 3118 nobis
381 3053 538 3139 fucere;
555 3080 570 3113 »
596 3065 631 3119 et
663 3054 699 3118 in
721 3048 952 3120 Orationibus
966 3049 1045 3144 i3l:
1069 3039 1297 3122 «Descendit

269 3161 290 3236 «v
305 3170 349 3241 de
364 3172 563 3258 cantherio,
578 3171 663 3242 inde
674 3173 968 3260 staticulosdare,
986 3173 1189 3246 ridicularia
1201 3175 1297 3264 sun-

271 3326 287 3359 «
306 3295 408 3380 dere;
428 3325 443 3359 »
462 3294 560 3365 uude
576 3310 670 3391 patet
682 3301 713 3366 ei
725 3296 1030 3394 acceptumfuisse
1042 3297 1141 3368 huuc
1159 3321 1294 3368 morem

304 3625 340 3688 (l)
364 3619 420 3676 Vid.
434 3623 481 3684 tx,
498 3627 528 3691 5,
541 3625 566 3679 in
589 3624 743 3680 narratione
766 3625 799 3678 de
819 3623 903 3679 furcis
917 3625 1061 3680 Caudinis:
1076 3647 1089 3678 a
1109 3626 1161 3680 Atii
1176 3627 1242 3681 alios
1261 3625 1300 3680 in·

268 3711 370 3765 tueri...
383 3716 434 3765 etc.
449 3731 462 3762 r
478 3711 613 3783 etiamque
624 3712 726 3781 XXXI,
747 3714 775 3766 ll
792 3732 797 3764 :
812 3733 824 3764 tt
839 3713 961 3769 Excitare
972 3715 1016 3772 alii
1028 3715 1104 3784 alios,
1115 3714 1211 3786 jubere
1225 3731 1300 3770 arma

204 3787 207 3792 ⁴
269 3815 374 3870 rapere,
385 3801 450 3855 alios
461 3800 627 3858 dimittere...
641 3823 654 3854 r>

306 3889 340 3958 (Ξ)
363 3887 421 3943 cu.
435 3890 477 3943 lb.

308 3979 346 4047 (3)
365 3977 440 4034 Orat.
454 3995 487 4032 ne
496 3995 523 4032 se
536 3979 634 4034 Cultus
651 3979 776 4037 tribanus
787 3981 858 4054 pleb.
870 3982 1042 4054 appellasset.
1054 3984 1170 4040 llacrob.
1186 3982 1299 4040 Satura.

271 4066 303 4136 lt,
320 4069 363 4122 ta.
