2974 4746
648 1109 785 1223 alam
813 1135 874 1222 m.
936 1261 938 1264 Ι

248 1479 403 1568 θηωλῐιι
437 1476 622 1533 sententiis
647 1480 788 1547 totoque
819 1477 861 1533 de
895 1476 1074 1549 republica
1105 1491 1209 1533 sensu
1244 1481 1288 1533 et·

289 1581 482 1640 scribendae
507 1582 662 1642 historiae
684 1583 822 1640 ratione
844 1581 973 1640 Catoni
1000 1581 1133 1640 similia
1153 1581 1281 1638 hebeat

291 1690 497 1749 Sallustius·

302 2195 385 2263 Non
409 2190 519 2271 semel
544 2192 639 2287 jam,
674 2190 762 2262 dum
779 2190 891 2262 ¹uerba
913 2189 1087 2286 figurasve
1111 2190 1279 2279 dicendi,

255 2341 335 2414 qum
353 2299 395 2386 ex
418 2319 555 2384 Catone
577 2318 615 2383 in
638 2313 794 2385 Sallustii
814 2319 944 2412 scripta
970 2309 1282 2398 defluxissevide·

256 2439 405 2528 bantur,
421 2437 580 2509 studiose
600 2436 913 2534 recolligebamus,
934 2459 1123 2508 occurrere
1144 2442 1286 2508 senten-

256 2567 313 2632 tiae
333 2560 512 2659 quaedam,
525 2566 610 2658 ipsae
625 2585 775 2658 quoque
792 2559 978 2631 abeodem
999 2558 1099 2630 fonte
1117 2558 1286 2659 desump-

257 2697 313 2753 tae.
354 2687 472 2774 Quam
508 2682 622 2756 multa
654 2682 739 2754 inde
769 2683 928 2757 hauserit
961 2682 1173 2771 Sallustius,
1210 2709 1285 2756 nou

257 2807 481 2878 exstantibus
495 2811 641 2878 Catonis
658 2806 887 2878 orationibus
901 2820 935 2878 et
948 2807 1120 2896 historiis,
1136 2812 1287 2905 perspici

258 2935 342 3002 salis
358 2955 433 3001 non
449 2944 579 3028 potest.
592 2935 742 3018 Tamen,
760 2955 890 3026 quum,
908 2935 944 3000 in
965 2945 1036 3000 tam
1055 2935 1180 3028 paucis
1194 2946 1286 3002 tam·

258 3076 331 3148 que
358 3051 529 3123 brevibus
555 3051 781 3150 fragmentis,
815 3053 918 3151 plura
945 3078 1038 3150 pene
1064 3054 1109 3125 ad
1137 3053 1287 3124 verbum

261 3199 426 3273 expressa
441 3181 684 3263 inveniantur,
702 3201 742 3247 ac
757 3190 924 3274 praetcrea
941 3181 1140 3248 interierint
1155 3175 1288 3247 Sallus·

261 3303 301 3368 tii
320 3303 501 3387 Historiae,
520 3297 761 3394 judicandum
778 3312 829 3370 est
852 3321 935 3369 eum
957 3299 1114 3397 amplam
1131 3323 1216 3370 sane
1231 3323 1286 3370 re·

262 3446 342 3491 rum
363 3434 399 3491 et
421 3427 681 3493 sententiarum
697 3405 841 3519 ¹copiam
862 3445 904 3492 ex
928 3427 1036 3520 prisci
1058 3427 1124 3492 viri
1148 3427 1289 3520 scriptis

139 3625 141 3629 ἁ
263 3542 460 3640 collegisse.
494 3543 608 3617 Alfcrt
638 3545 775 3617 Gellius
808 3546 860 3642 (t)
892 3545 1082 3616 exordium
1115 3551 1290 3617 orationis

264 3691 374 3764 quam
397 3684 524 3740 contra
541 3668 890 3763 SeruiumGalbam,
903 3673 1157 3741 Lusitanorum
1178 3675 1289 3741 inter·

263 3771 451 3883 sectorem,
466 3815 574 3864 senex
589 3790 788 3864 admodum
809 3792 936 3864 habuit
949 3798 1057 3865 Cato:
1073 3823 1084 3859 l
1099 3793 1215 3865 Multa
1233 3816 1290 3864 me

298 4082 335 4156 (4)
354 4085 427 4156 xm,
439 4087 485 4142 aa.
