2974 4746
669 401 809 459 ...3-

227 562 342 630 risum
366 551 596 629 acerbissima
624 563 731 628 satira
752 556 929 642 laceravit,
956 571 1004 645 et,
1022 561 1114 628 iuter
1138 557 1251 631 multa

225 684 295 756 alia
322 690 502 772 convicia,
544 709 626 756 eum
656 690 725 755 vita
753 684 968 796 scriptisque
1008 701 1254 760 monstrosum

226 807 328 896 dixit,
350 824 520 908 praeterea
541 807 776 906 «priscorum
795 814 943 880 Catonis
959 834 1032 906 que
1046 810 1255 882 ineruditisn

225 938 357 1004 simum
376 930 535 1004 furem.»
560 938 612 1003 lta
635 947 687 1019 ut,
713 937 742 1004 si
766 938 893 1004 Lenaeo
919 932 1155 1021 credendum,
1182 961 1254 1005 uon

226 1071 367 1128 tantum
395 1062 505 1128 niuria
531 1072 565 1128 et
594 1056 872 1155 improba,‚setl
899 1063 1005 1128 etiam
1035 1056 1258 1156 ineptissima

227 1178 336 1252 luerit
354 1178 417 1250 illa
434 1185 604 1250 imitatio.

278 1309 337 1374 Isti
357 1319 475 1376 autem
502 1308 685 1378 sententiae
712 1303 864 1376 multum
887 1305 1006 1376 obstat
1028 1307 1120 1378 allus
1140 1333 1256 1404 gruru-

230 1434 362 1516 malici,
381 1428 501 1516 Gellii,
524 1433 664 1526 opinio,
683 1433 747 1524 qui
762 1428 971 1500 Sallustium
996 1445 1034 1501 ut
1058 1462 1073 1496 κ
1092 1438 1257 1530 proprie·

229 1567 342 1622 tatum
358 1557 394 1622 in
416 1551 533 1622 verbis
553 1556 871 1622 retinentissimum
885 1553 937 1648 (ι)
954 1584 970 1618 »
996 1553 1137 1641 laudat3
1162 1555 1260 1628 mule

230 1675 459 1748 inferendum
473 1683 519 1747 sit
529 1701 569 1746 rx
582 1691 739 1748 veterum
754 1681 951 1747 imitatione
969 1701 1135 1774 magnam
1148 1687 1259 1750 nostri

230 1807 386 1872 orationi
412 1807 579 1872 virtutem
607 1807 815 1888 accessisse,
845 1826 1020 1898 eumque,
1048 1801 1137 1874 ilum
1163 1809 1260 1902 ipsos

231 1925 332 1999 latini
356 1931 532 1997 sermonis
557 1923 673 1997 sontes
695 1925 832 2014 adibat,
857 1931 1037 1997 sincerum
1068 1943 1120 2014 et,
1152 1934 1261 2000 atita

229 2047 363 2137 dicam,
398 2055 559 2120 nativum
593 2050 787 2120 verborum
816 2075 920 2120 usum
948 2049 1016 2120 sibi
1046 2051 1258 2126 vindicasse.

231 2176 346 2262 Quem
365 2187 484 2243 tamen
500 2199 614 2270 quoru
635 2172 722 2245 alibi
743 2173 836 2244 idem
853 2174 992 2244 Gellius
1007 2176 1074 2270 (a),
1101 2207 1116 2240 a
1137 2176 1263 2246 verbo-

232 2323 313 2368 rum
334 2313 576 2369 novatorem»
599 2297 708 2389 dicat,
736 2297 838 2368 nullo
865 2297 974 2369 modo
1000 2299 1070 2368 hoc
1086 2299 1262 2394 judicium

233 2447 315 2492 cum
342 2426 461 2520 priore
485 2437 633 2522 pugnat.
660 2425 751 2494 Nam
781 2427 974 2519 saepissime
998 2421 1042 2492 ad
1061 2428 1263 2521 priscorum

234 2543 494 2638 uocabulorum
515 2570 621 2642 opem
642 2544 804 2642 confugit
821 2550 884 2642 qui
900 2569 1016 2616 novus
1031 2571 1107 2618 esse
1123 2547 1261 2636 studet3

234 2668 310 2738 duo
333 2683 452 2762 autem
475 2667 560 2757 illa,
586 2673 720 2766 priscas
747 2692 855 2738 voces
885 2694 1074 2767 usurpare,
1099 2684 1133 2742 et
1157 2695 1268 2742 novas

238 2793 407 2889 prolerre,
433 2816 652 2888 quanquam,
667 2797 782 2891 prima
800 2798 918 2891 specio
932 2799 1026 2864 inter
1044 2819 1081 2866 se
1100 2793 1267 2866 diversis-

237 2921 339 3005 sima,
365 2921 401 2986 iu
430 2915 726 3012 scriptore'bono
751 2931 786 2987 et
810 2915 919 2989 docto
940 2923 1029 2988 mire
1046 2934 1267 3014 congruunt.

236 3043 315 3109 Irno
329 3062 426 3127 vero,
441 3036 542 3135 quod
556 3036 682 3109 docuit
696 3037 962 3109 illustrissimus
977 3039 1074 3135 apud
1093 3056 1270 3113 nostrates

239 3177 273 3233 et
298 3160 481 3233 scribendi
504 3167 669 3259 magister
682 3177 718 3232 et
739 3167 893 3258 scriptor
907 3161 976 3257 (3),
1001 3161 1133 3260 linguar
1152 3163 1271 3236 fractae

242 3449 318 3519 peius
329 3446 406 3502 aliud
419 3450 517 3502 sentiro
527 3453 551 3502 el
565 3446 647 3519 loqui,
660 3463 747 3519 neque
760 3451 864 3502 tanturn
879 3446 968 3504 valere
981 3447 1102 3520 ingenio,
1118 3455 1211 3504 utnon
1226 3467 1273 3520 ap·

243 3544 336 3608 pareat
347 3536 411 3608 quid
431 3537 556 3608 cupiat.»
579 3536 621 3590 Ad
636 3539 718 3591 Attio.
732 3536 776 3604 tv,
797 3537 839 3605 ⁴5,
855 3537 871 3590 7
888 3537 1072 3610 :trompetus
1084 3539 1184 3605 tremit,
1209 3555 1274 3611 que·

242 3626 317 3694 ritur,
334 3627 434 3682 Scauro
444 3626 542 3694 studet,
556 3625 602 3680 sed
615 3631 709 3680 ulrum
723 3625 811 3698 fronto
823 3642 860 3680 on
870 3631 956 3680 niente
966 3625 1113 3682 dubitatur.
1129 3648 1142 3679 s

277 3717 316 3786 (l)
335 3715 414 3770 Nost.
430 3721 479 3769 ott.
492 3715 528 3784 X,
548 3719 592 3774 20.

279 3805 314 3876 (a)
336 3803 406 3859 lbid.
423 3807 445 3876 l,
460 3809 503 3861 t5.

278 3899 315 3962 (3)
334 3895 368 3950 Μ.
382 3895 533 3966 Villomain,
549 3896 633 3968 Elone
648 3896 679 3952 da
694 3897 859 3968 Moataiqne.
877 3915 889 3947 a
905 3896 924 3949 ll
940 3895 1151 3968 sertarajeunir
1164 3897 1188 3951 la
1207 3897 1276 3952 titte-

217 4049 218 4054 ἵ
245 3990 334 4040 rature
354 3984 400 4054 qui
420 3987 598 4055 commeuoait
617 3986 630 4040 ai
651 3986 797 4057 s'opuisor;
821 3985 838 4040 il
861 3985 989 4056 sfinrposo
1010 4001 1062 4040 aux
1076 3985 1136 4057 plus
1157 3986 1278 4042 oe'l'elrres

245 4072 429 4127 infimius...»
445 4071 598 4127 Vidoetiam
611 4075 766 4130 Ciooronem
786 4071 839 4144 lde
858 4071 990 4140 Oratore,
1008 4075 1052 4143 Ill,
1068 4091 1091 4131 c.
1108 4075 1150 4146 38)
1168 4092 1174 4128 ι
1190 4095 1202 4126 α
1216 4075 1277 4130 Tria
