2974 4746
627 1163 765 1250 utrut
788 1164 817 1248 l.

515 1462 735 1522 Tesstnonts
760 1469 932 1523 retes-nn.

258 1877 312 1944 De
343 1877 491 1945 Catonis
530 1877 691 1955 Censorii
722 1899 747 1946 a
772 1880 812 1946 C.
831 1875 1000 1947 Sallustio
1041 1881 1244 1949 imitatione

212 1995 324 2068 multa
352 2021 443 2096 saepe
481 2012 613 2070 veteres
641 2000 879 2096 jactaverunt.
917 1997 1029 2072 atteri
1053 2000 1243 2091 Quintilia-

211 2118 344 2213 uuslr)
365 2126 585 2220 epigramma
599 2147 676 2220 quo
690 2121 966 2195 florentissimus
981 2149 1101 2196 rerum
1116 2141 1243 2197 auctor

211 2245 277 2318 hac
291 2243 336 2316 de
352 2270 460 2317 causa
476 2247 706 2318 vehementer
719 2252 910 2319 incessitur
926 2276 934 2317 ε

424 2423 457 2475 Et
467 2421 549 2478 verba
565 2422 668 2493 antiqui
683 2421 796 2476 multum
808 2421 895 2477 lurate
906 2423 1026 2491 Catonis,

460 2510 563 2583 Crispe,
577 2511 746 2582 Jugurtlriuae
757 2512 879 2566 eonditor
892 2511 1019 2568 historias.

212 2702 1244 2792 VerborumhicCatouianorumnotaturimitatio,vcl‚ut

209 2832 257 2899 ait
282 2833 438 2926 scriptor
460 2826 631 2898 Sallustio
658 2825 835 2912 infensus,
864 2825 1001 2898 lurtum
1026 2831 1242 2898 iuverecuu·

209 2949 311 3022 dum.
336 2957 408 3023 Nec
429 2949 528 3021 aliud
553 2957 588 3021 iu
607 2949 735 3020 eodem
756 2949 926 3050 carpebat
949 2955 1094 3021 Asinius
1111 2948 1240 3038 Pollio,

209 3079 263 3144 vir
280 3072 456 3145 fastidiosi
476 3089 510 3145 et
526 3073 645 3173 putidi
663 3051 898 3172 ingenii,'qui
917 3099 982 3146 nec
1000 3081 1038 3148 T.
1056 3079 1160 3162 Livii,
1179 3099 1244 3146 uec

209 3203 375 3285 Caesaris,
413 3224 479 3268 nec
517 3204 630 3296 ipsius
663 3204 848 3270 Ciceronis
885 3203 1026 3297 scriptis
1068 3203 1239 3297 pepercit.

121 3314 125 3322 ’
210 3333 344 3396 Auctor
362 3338 414 3396 est
433 3329 628 3394 Suetonius
641 3323 847 3419 (allibrnm
867 3323 914 3394 ab
934 3348 977 3394 eo
994 3329 1237 3421 compositum

208 3447 329 3532 luisse,
349 3472 425 3544 quo
445 3445 506 3517 ille
524 3445 680 3519 Saliustii
697 3454 841 3548 scripta,
859 3463 898 3518 ut
914 3452 1025 3518 nimia
1039 3452 1241 3546 priscorum

209 3571 401 3642 verborum
435 3569 664 3643 assectatione
693 3572 824 3656 oblita,
857 3569 1164 3671 reprehendebat,
1201 3595 1242 3642 ac

209 3710 377 3794 praeterea
397 3697 540 3766 Ateium
566 3699 835 3783 Praetextattun,
859 3694 1019 3766 nobilem
1052 3695 1233 3766 rhetorem

211 3807 385 3908 latinum,
403 3818 559 3891 Sallustii
575 3834 608 3888 et
632 3818 763 3890 deiude
784 3824 896 3919 ipsius
918 3824 1030 3891 lisinii
1052 3834 1244 3918 praecepto·

246 4077 280 4138 (ti
300 4074 365 4128 lust
380 4079 450 4128 orat.
463 4073 531 4136 Vlll,
548 4077 574 4135 3,
586 4076 629 4126 29.

246 4165 284 4228 (2)
302 4161 340 4217 De
352 4162 453 4218 illustr.
469 4167 627 4234 promorat,
643 4163 686 4216 tu.
