2974 4746
582 489 587 502 .
700 409 798 470 ..7⁰
821 441 858 502 -.

264 572 334 662 bus
353 570 398 649 ad
420 572 606 648 historiam
628 567 917 664 pertinentibus,
935 591 976 638 ex
994 572 1188 664 praestituta
1204 590 1294 666 qua-

264 695 529 784 dmiratione,
552 693 772 769 sedtaatum
802 716 845 762 ex
876 695 996 770 animo
1030 715 1070 764 ea
1098 697 1292 790 scripsisse.

265 824 475 917 Utcumque
485 835 606 890 autem
623 842 678 888 res
692 842 767 888 sese
780 814 904 903 habet,
922 814 1297 912 uorrcujuslibetsaue

267 942 520 1025 declamatoris
535 940 604 1016 luit
624 941 685 1014 illa
700 939 851 1038 epistola
867 991 876 1026 ,
897 963 960 1011 uec
975 937 1132 1012 Sallustii
1152 945 1297 1035 iugenio

265 1065 413 1164 indigna
429 1082 492 1138 est.
516 1069 639 1158 Quum
658 1081 779 1144 tamen
797 1088 852 1137 res
866 1061 977 1144 dubia
993 1062 1159 1158 pendeat,
1180 1088 1298 1159 troque

265 1197 340 1274 istac
361 1191 520 1292 epistolae
545 1195 744 1275 institutam¹
768 1190 855 1268 milii
876 1187 1033 1265 Sallustii
1052 1213 1136 1266 cum
1161 1193 1298 1262 Catone

267 1317 573 1412 comparationem
590 1309 792 1408 quidquam
807 1311 946 1404 jurent,
965 1331 1022 1391 eas
1035 1308 1298 1388 milriomitteu·

268 1435 332 1508 das
347 1435 498 1518 credidi.

317 1564 431 1654 Igitur
456 1557 531 1645 illa,
562 1583 642 1654 quae
670 1572 862 1655 superest,
890 1563 1037 1638 Catonis
1069 1555 1301 1656 Sallustiiquc

269 1680 781 1780 operumautfragmcotorum
796 1687 967 1766 recensio,
979 1681 1094 1770 facile,
1105 1686 1173 1759 uisi
1182 1681 1298 1762 fallor,

269 1809 412 1876 evicerit
435 1804 534 1902 quod
556 1809 660 1876 initio
687 1803 950 1894 affirmaturum
967 1857 975 1894 ,
995 1787 1205 1886 Sallustium
1225 1831 1299 1882 nou

269 1933 469 2000 Catoniana
485 1927 597 2001 modo
618 1928 739 2018 verba,
760 1944 794 2000 et
813 1929 992 2000 scribendi
1008 1954 1121 2026 genus
1139 1954 1180 2002 ac
1197 1928 1301 2002 colo·

271 2076 366 2142 rem,
399 2067 434 2124 et
463 2058 657 2132 sententias
688 2057 861 2134 imitatum
892 2052 1026 2141 ,suisse3
1054 2078 1119 2136 nec
1139 2068 1300 2138 tautum,

272 2202 385 2274 quum
407 2175 452 2248 ae
472 2176 657 2274 republica
675 2193 737 2260 aut
756 2184 831 2276 ipse
851 2177 1034 2274 loquitur,
1057 2191 1118 2250 aut
1136 2176 1227 2250 alios
1247 2175 1301 2249 lo-

274 2313 426 2396 quentes
440 2297 537 2392 lacit,
554 2325 638 2389 erup
651 2299 817 2380 sensibus
831 2305 978 2379 Catonis
988 2307 1077 2384 mire
1087 2323 1300 2398 congruere3

273 2423 458 2510 sedetiam
484 2423 641 2510 historiar
670 2423 867 2508 scribeudae
898 2425 1008 2521 legem
1039 2424 1082 2498 ad
1120 2429 1302 2520 Originum

273 2546 426 2628 formam
458 2547 526 2616 sibi
558 2554 798 2637 constituisse·
827 2553 915 2638 Qttae
944 2574 1059 2646 quum
1084 2551 1238 2626 imitatio
1256 2545 1301 2621 ad

275 2671 405 2745 inultas
424 2695 509 2742 saue
523 2695 578 2744 res
599 2677 776 2770 pertinere
795 2676 867 2748 visa
884 2676 941 2762 sit,
960 2647 1061 2752 *utute
1081 2688 1199 2750 tamea
1213 2669 1300 2770 quitl

274 2818 295 2869 a
313 2799 449 2872 Catone
461 2793 565 2876 distet
577 2794 779 2882 Sallustitm,
792 2795 880 2893 quid
901 2796 947 2868 ab
963 2795 1042 2877 aliis
1057 2812 1091 2871 ot
1109 2800 1300 2896 pracsertim

273 2941 292 2990 a
312 2918 523 3015 Thucydide
550 2933 735 2993 mutuatus
765 2919 948 3007 videatur,
968 2919 1110 3016 *quibus
1135 2933 1304 3018 praetcrea

273 3041 468 3115 virtutibus
483 3048 639 3141 propriis
653 3069 694 3117 ac
710 3043 817 3140 plape
833 3049 908 3125 suis
932 3049 1086 3140 scriptor
1106 3067 1256 3140 maguus
1268 3059 1304 3118 et

273 3174 350 3266 ipse
362 3167 440 3239 aliis
455 3167 651 3251 imitandus
665 3174 851 3258 exstiterit,
875 3168 1088 3258 dicendum,
1105 3184 1140 3244 et
1159 3170 1217 3244 illa
1234 3170 1304 3242 dis·

274 3295 461 3392 putatione
477 3289 638 3376 ‚facienda
654 3292 764 3388 hujus
780 3291 947 3390 opusculi
960 3292 1160 3367 conclusio.
