2974 4746
702 471 869 533 2061...

268 641 417 728 propter
436 625 572 700 bellum
590 632 792 726 piraticum,
810 625 855 700 de
870 626 1120 701 Crctaeinsulae
1133 632 1251 726 positu
1266 639 1302 700 et

269 757 427 851 antiquis
449 751 685 852 religionibus
699 753 752 850 (i)
771 752 1078 826 memorabamus
1097 749 1298 839 deceliter,
1386 799 1391 806 -
1466 767 1467 774 ¹

270 881 306 949 in
322 892 453 975 quarto
470 876 579 965 llbrn,
597 891 712 974 qtinni
733 862 909 950 Lucullus
926 877 1170 948 Mithridatem
1191 881 1228 946 lii
1245 899 1300 946 re·

268 1000 1299 1099 gnumTigrtiirislugientempetsequebntur‚deEuplrta·

268 1132 316 1196 iis
329 1131 516 1222 Tigrtsque
536 1125 648 1212 lente,
666 1125 711 1196 de
727 1128 987 1224 Mesopotamia
1001 1139 1036 1195 et
1055 1129 1219 1195 Armenia
1233 1124 1299 1221 (2),

270 1263 394 1344 atque,
418 1254 454 1318 in
480 1245 690 1318 enarrandis
723 1253 880 1346 Spartaci
911 1253 1076 1318 extremis
1110 1249 1302 1319 conatibus

173 1415 176 1422 ,
270 1376 460 1468 Crassique
483 1376 646 1461 victorie,
669 1371 715 1442 de
730 1371 837 1444 italice
856 1361 1025 1442 interiore
1052 1369 1218 1467 fretoque
1247 1376 1299 1444 Bi·

269 1494 359 1567 culo
373 1495 426 1592 (3)
441 1500 596 1593 scriptor
607 1503 826 1566 meminerat.

318 1620 495 1693 (lunsnlto
514 1628 658 1718 sepositi
675 1621 774 1692 illam
791 1627 897 1692 Ponti
916 1635 952 1692 et
970 1624 1301 1716 circumjacentium

229 1738 233 1746 ’
270 1757 446 1816 terrerum
463 1743 756 1842 descriptionem,
770 1768 851 1842 qun
865 1744 963 1843 apud
978 1754 1111 1816 veteres
1131 1733 1221 1817 adeo
1240 1758 1302 1817 noo¹

270 1865 354 1940 bilis
367 1865 453 1956 luit,
470 1881 509 1938 ui
527 1867 666 1939 soleant
680 1850 923 1964 g'iemmatlci,
940 1877 1083 1965 quoties
1101 1869 1223 1941 lnenrn
1240 1869 1304 1942 aiu

124 2010 125 2014 ’
155 2034 156 2038 =
272 2010 381 2088 quent
401 2015 444 2061 err
466 1989 527 2062 llla
547 1989 717 2073 atterunt,
737 2008 811 2063 noti
827 1997 1004 2063 Historias
1019 1999 1224 2080 norn'mate,
1241 1990 1301 2066 sed

270 2114 480 2186 Sallustium
503 2115 549 2184 de
562 2122 630 2186 situ
650 2117 801 2186 Pontico
824 2120 886 2186 'alul
912 2123 948 2186 in
967 2124 1035 2186 situ
1060 2118 1300 2214 Pontico(d):

267 2235 372 2309 funde
394 2237 544 2335 quidam
573 2238 664 2309 taiso
687 2239 918 2311 crediderunt
945 2247 1120 2339 scriptum
1147 2240 1255 2312 fnisse
1283 2260 1302 2311 e

270 2361 441 2432 Sallustio
469 2361 683 2460 peculiarem
713 2363 759 2432 de
780 2369 848 2434 situ
874 2369 981 2434 Ponti
1002 2363 1151 2434 librum.
1179 2369 1301 2454 Quum

202 2557 204 2561 ,
269 2499 391 2557 nartem
409 2499 603 2584 perpetuus
618 2486 677 2556 hic
692 2487 770 2581 ejns
784 2506 862 2558 mos
875 2493 933 2578 sit,
951 2503 1003 2574 ui,
1019 2479 1126 2560 simul
1141 2501 1249 2584 etque
1263 2495 1300 2560 iir

270 2607 430 2704 aliquam
443 2611 814 2706 regionemnrarrandi
828 2629 946 2700 censa,
957 2608 1298 2710 legentestranslcrt,

270 2729 411 2828 deipsis
427 2732 584 2829 primum
607 2731 693 2804 iocis
707 2734 926 2832 populisque
941 2735 1103 2824 disserat,
1129 2751 1195 2833 ego
1217 2753 1300 2806 cnm

203 2907 214 2927 ,.
269 2857 407 2924 Kritzio
421 2852 634 2926 crediderim
648 2854 748 2926 illam
758 2850 1016 2953 digressionem
1029 2861 1243 2955 pertinuisse
1255 2856 1298 2928 ad

270 2977 404 3048 librum
420 2982 579 3065 tertium,
597 3003 672 3075 quo
688 3003 786 3050 eurio
801 2986 933 3052 victutn
950 2981 1195 3053 Mithridatem
1212 2985 1246 3054 el
1263 2986 1300 3052 in

269 3107 425 3172 Pontum
446 3126 483 3172 se
502 3107 731 3201 recipientem
763 3104 938 3176 Lucullus
962 3111 1155 3177 acerrrime
1182 3124 1300 3204 perse·

272 3235 377 3295 cuins
396 3234 464 3310 est,
480 3228 601 3323 etjam
624 3227 667 3298 ad
696 3231 843 3298 Pontica
870 3222 987 3300 littota
1013 3217 1194 3328 urbesque
1215 3227 1302 3299 belli

269 3337 436 3445 contagio
456 3354 628 3448 pervenit.
646 3352 760 3448 igitur
776 3349 904 3424 famosi
920 3350 1018 3424 illius
1033 3359 1141 3426 muris
1165 3368 1199 3424 et
1226 3336 1299 3423 Ro·
1336 3341 1341 3350 ’

261 3619 264 3624 ’
306 3591 343 3664 (il
363 3590 448 3648 Kritz.
464 3593 508 3658 lll,
520 3593 555 3665 fr.
572 3589 661 3646 tiu-ut.

259 3705 262 3710 ·
304 3689 340 3752 (Ξ)
359 3681 443 3740 Iden.
464 3683 509 3752 lV,
527 3681 563 3756 fr,
579 3681 679 3753 ints,
695 3681 739 3736 li.

305 3776 343 3842 (a)
361 3771 434 3830 tete.
447 3771 484 3846 [ν.
501 3769 590 3828 etto.

304 3861 341 3932 (r)
359 3861 461 3917 nonius
472 3879 478 3916 ι
489 3881 501 3914 i
513 3863 553 3918 na
564 3862 592 3917 ct
602 3845 742 3918 soricinus
752 3865 782 3916 n
791 3863 845 3918 stru
856 3863 935 3918 roure
944 3863 977 3919 nu
987 3863 1178 3935 promonens
1187 3859 1301 3935 raptio-

267 3967 366 4023 gonum
381 3991 400 4008 ..
426 3951 523 4024 posuit.
539 3951 707 4024 »Porphyrio
721 3951 754 4008 ed
773 3951 837 4008 lior.
858 3951 909 4008 Od.
931 3951 952 4022 l,
973 3952 1017 4022 tt,
1034 3953 1067 4008 l8
1083 3972 1089 4008 :
1104 3973 1115 4003 r
1129 3953 1193 4008 Teia
1211 3959 1301 4007 autem

267 4041 339 4096 dicta
353 4047 395 4098 esi
408 4057 423 4096 u
434 4042 508 4108 Teio,
524 4040 707 4110 Anacreontis,
732 4051 819 4116 poeiae
836 4043 921 4116 lyrici,
935 4027 1047 4115 oppido,
1059 4044 1130 4115 quud
1143 4041 1169 4098 in
1186 4041 1301 4115 Paphla·

268 4131 346 4200 genia
358 4145 417 4186 esse
432 4130 565 4186 Salutius
575 4130 682 4201 indicet,
699 4149 781 4202 quum
795 4131 826 4187 de
839 4135 894 4188 situ
908 4133 989 4186 Ponti
1002 4131 1127 4203 loquitur.
1143 4151 1156 4184 r>
