2974 4746
660 459 825 520 ..ῃ-

229 643 248 681 u
268 619 297 690 si
316 641 389 687 uon
405 631 471 706 est,·
489 639 590 714 egeo,
609 620 706 688 Vitio
722 631 866 688 vertunt
878 622 964 715 quia
980 615 1094 690 multa
1107 642 1208 716 egen,
1224 633 1260 692 at

231 770 248 804 u
264 763 330 838 ego
355 739 524 836 illisquia
546 756 734 837 nequeunt
758 765 907 838 egere.»
929 741 1120 813 Sallustius
1138 735 1259 814 autem

227 869 381 936 Marium
401 865 474 936 hanc
491 864 744 963 praedicantem
762 865 868 936 lecit:
890 895 904 929 α
925 869 1173 936 Contemnunt
1189 892 1258 938 uo·

231 993 400 1062 «vitatem
414 1013 543 1076 nisam,
556 1013 624 1087 ego
635 989 781 1060 illorum
791 995 980 1086 ignaviam.
995 990 1083 1060 Mihi
1094 986 1254 1077 fortuna,

232 1143 246 1176 κ
265 1112 474 1212 illisprobra
482 1113 723 1210 objectantur.
736 1145 752 1180 a
764 1115 856 1212 (lug.
866 1167 874 1201 ,
885 1113 959 1210 85).
974 1119 1051 1186 Jam
1064 1141 1172 1213 supra
1183 1115 1259 1186 lau·

227 1235 306 1308 davi
341 1241 518 1334 egregiam
549 1237 647 1313 illam
677 1244 888 1309 sententiam
913 1263 1023 1335 quam
1055 1243 1259 1314 Numantiae

227 1360 323 1458 apud
341 1367 479 1457 equites
493 1360 582 1431 dixit
605 1368 703 1434 Cato.
719 1367 790 1434 Nec
805 1368 925 1432 minus
939 1362 1121 1460 praeclara,
1140 1375 1256 1460 quau·

227 1509 336 1579 quam
361 1484 548 1556 demedio
574 1501 736 1583 sumpta,
763 1491 842 1556 vitae
865 1487 1030 1559 humanae
1053 1512 1136 1558 cum
1163 1486 1260 1559 ferro

227 1615 451 1706 comparatio
469 1609 520 1703 (i)
543 1636 549 1678 :
572 1639 589 1674 κ
610 1613 701 1680 Nam
721 1615 789 1680 vita
806 1611 964 1681 humana
986 1633 1100 1708 prope
1115 1617 1167 1680 uti
1188 1610 1257 1684 ler-

230 1761 246 1796 «
276 1757 355 1803 rum
379 1750 443 1803 est.
467 1738 630 1818 Ferrum,
648 1739 677 1803 si
693 1757 870 1821 exerceas
893 1739 1113 1828 contentum
1139 1739 1258 1806 sinon

230 1887 246 1920 u
276 1880 452 1944 exerceam,
471 1871 590 1926 tamen
608 1856 739 1953 rubigo
753 1855 934 1929 interficit.
949 1857 1077 1928 itidem
1092 1858 1261 1929 homines

233 2007 249 2040 «
277 1979 479 2062 exercendo
509 1979 671 2051 videmus
705 1986 865 2060 conterit
901 1987 929 2051 si
959 1979 1050 2051 nihil
1077 2007 1253 2072 exerceas,-

230 2129 246 2165 u
276 2105 403 2174 inertia
419 2117 529 2200 atque
548 2105 701 2202 torpedo
721 2105 802 2202 plus
818 2105 1024 2174 detrimenti
1047 2104 1130 2176 facit
1147 2129 1256 2202 quam

230 2257 246 2292 u
276 2233 457 2299 exercitio,
479 2260 495 2294 a
513 2229 589 2302 Illis
609 2245 680 2301 tam
700 2246 782 2330 apte
806 2237 898 2300 iuter
917 2255 953 2300 se
973 2236 1148 2328 oppositis
1168 2230 1256 2327 quid

226 2350 381 2422 similius
400 2377 510 2448 quam
527 2356 600 2424 haec
620 2353 801 2426 Sallustii:
824 2383 840 2417 u
864 2353 936 2424 Ubi
952 2353 1149 2426 intenderis
1164 2360 1259 2450 inge·

229 2504 245 2537 α
275 2480 398 2558 nium,
423 2475 533 2565 valet,
564 2482 592 2546 si
612 2477 742 2548 lubido
765 2477 942 2574 possidet,
969 2503 1010 2549 ea
1027 2478 1256 2569 dominatur,

230 2629 246 2664 u
274 2606 417 2674 animus
438 2600 527 2672 nihil
548 2600 671 2672 valet»
696 2601 812 2698 (Cat,
832 2601 903 2696 51).
923 2607 1071 2674 «Animi
1090 2608 1256 2701 imperm,

229 2754 245 2788 α
273 2729 436 2822 corporis
449 2731 593 2796 servitio
605 2731 876 2822 inagisutinurr3
892 2726 1044 2796 alterum
1059 2725 1259 2797 uobiscum

229 2877 246 2913 «
275 2847 358 2937 diis,
372 2849 523 2919 alterum
535 2875 618 2920 crim
633 2844 766 2920 belluis
776 2873 971 2920 commuue
987 2848 1188 2944 emulcet,
1208 2847 1255 2944 ι).

229 3002 245 3038 «
276 2977 489 3070 Priusquam
514 2979 664 3072 incipias
686 2971 868 3062 consulto,
897 2988 955 3061 et,
975 2971 1040 3043 ubi
1061 2973 1257 3044 cousulue-

229 3125 246 3161 «
275 3101 335 3184 ris,
356 3112 494 3168 mature
507 3096 603 3168 lacto
623 3123 716 3196 opus
738 3112 789 3168 est
807 3127 824 3163 r
848 3098 938 3194 (Cat.
961 3095 1009 3193 3).

274 3226 376 3310 Cato,
398 3227 435 3292 iu
454 3222 535 3293 loco
548 3224 623 3318 jam
640 3222 788 3294 laudato
806 3227 980 3294 orationis
998 3236 1124 3292 contra
1144 3221 1256 3290 Ther·

228 3371 350 3435 mum,
370 3345 576 3445 superbiam
602 3363 636 3420 et
663 3346 909 3426 crudelitatem
942 3349 1169 3441 magistratus
1200 3369 1257 3414 ru·

226 3476 322 3541 mani
343 3475 497 3567 graviter
515 3477 707 3560 insectans,
730 3470 928 3541 exclamat:
955 3497 971 3534 u
994 3472 1091 3540 Servi
1109 3469 1257 3563 injurias

230 3622 246 3657 (τ
264 3597 372 3664 nimis
384 3618 475 3692 aegre
489 3591 610 3664 ferunt
628 3621 635 3664 :
654 3593 741 3695 quid
758 3593 838 3664 illos
850 3593 1091 3693 honogeuere
1108 3605 1255 3690 gnatos,

228 3746 245 3780 «
261 3741 390 3813 magua
410 3722 540 3788 virtute
556 3716 739 3816 praeditos,
752 3723 953 3816 opinamini
966 3715 1258 3788 animiliabuisse

229 3868 246 3902 «
263 3839 571 3938 atquehabiturus
584 3840 670 3911 dum
688 3842 831 3912 vivent?
847 3872 862 3905 a
879 3845 932 3934 Eo
946 3855 1065 3912 autem
1078 3853 1111 3910 et
1125 3837 1256 3908 firmis·

261 4118 297 4183 (l)
317 4115 432 4170 Carnam
445 4113 616 4184 dentalibus,
631 4114 698 4170 Gell.
716 4115 767 4187 xl,
783 4121 806 4170 2.
