2974 4746
627 463 786 524 ...21-

191 640 341 715 quoque
360 631 455 686 artes
468 615 573 690 bonae
593 634 654 690 aut
668 619 790 705 malac,
817 619 921 716 cujus
948 633 1020 690 tam
1036 645 1038 649 ·
1053 617 1221 716 frequens

190 742 287 841 aputl
303 740 513 821 Sallustium
545 769 632 814 usus
651 760 717 832 est,
734 749 863 816 Catoni
883 759 1028 842 accepta
1051 759 1139 830 erut,
1157 747 1220 838 qui

191 872 331 965 scripsit
354 896 362 938 ε
385 899 402 932 «
423 873 453 938 A
474 866 671 940 benefactis
695 884 804 965 atque
830 868 876 939 ab
910 875 1064 966 optumis
1087 868 1222 940 artibus

189 988 281 1086 fugit
303 996 456 1062 inanima
466 989 597 1086 fugella
611 995 623 1086 l
633 991 701 1080 il.»
719 997 774 1063 Sic
793 997 948 1063 Marium
962 991 1152 1065 Sallustius
1168 991 1220 1064 sa·

189 1118 235 1184 cit
253 1112 431 1185 dicentem
452 1142 459 1184 :
481 1144 498 1179 (ι
525 1115 613 1185 Mihi
629 1121 692 1212 qui
723 1139 869 1186 onmem
893 1130 1031 1188 aetatem
1063 1121 1100 1185 in
1117 1132 1218 1212 optu-

189 1242 255 1308 mis
278 1236 418 1308 artibus
432 1243 500 1334 egi.
521 1270 536 1302 »
556 1238 649 1336 (lug.
675 1237 748 1332 85).

236 1365 288 1432 Ex
302 1361 428 1434 eodem
445 1361 544 1433 fonte
559 1363 687 1434 hausta
711 1377 796 1433 suut
818 1361 924 1434 verba
949 1362 1072 1433 baeer
1092 1362 1218 1434 verbo-

189 1509 268 1555 rum
291 1491 591 1570 constructiones,
622 1510 703 1583 quae
728 1485 919 1558 Sallustius
945 1483 1054 1582 vulgo
1083 1484 1215 1556 habet:

188 1612 264 1679 Nr'tr'
270 1635 343 1707 pro
362 1609 502 1707 aliquo,
518 1614 665 1703 sactum
686 1615 754 1693 ire,
785 1627 1022 1682 transvorsum
1040 1614 1099 1693 r're,
1128 1607 1218 1681 berre

185 1731 355 1803 autmale
375 1740 523 1821 evenire,
545 1715 737 1818 consulere,
761 1748 902 1803 oetalem
923 1757 1031 1829 ogere
1045 1759 1124 1830 per,
1138 1735 1219 1824 ses·

187 1862 311 1941 rmore,
326 1871 411 1942 etc.;
426 1856 526 1953 quod
539 1880 581 1926 ex
591 1861 864 1954 comparatione
875 1881 1073 1954 paucorum
1089 1862 1220 1928 utrius

184 2003 257 2074 que
270 1984 456 2078 scriptoris
470 1980 634 2051 locorum
652 1978 796 2077 patebit.

234 2105 348 2173 Cato:
374 2133 390 2167 u
411 2108 587 2174 Censores
606 2107 671 2198 qui
693 2117 815 2201 postea
835 2100 922 2173 fient
943 2101 1217 2174 formidolosius

183 2239 293 2321 atquc
317 2231 461 2322 segnius
485 2241 594 2323 atque
616 2225 777 2297 timidius
796 2251 868 2322 pro
890 2226 1074 2322 republica
1101 2231 1215 2296 niten-

185 2363 241 2419 tur
255 2349 320 2443 (2).
344 2379 360 2415 »
387 2391 428 2402 —-
451 2348 666 2421 Sallustius:
694 2353 802 2419 «Vos
826 2375 892 2448 pro
919 2349 1084 2420 libertate
1103 2355 1213 2446 quam

182 2470 309 2543 abillis
323 2478 522 2573 accepistis,
539 2498 611 2544 uou
628 2499 769 2544 summa
785 2498 855 2570 ope
867 2477 1032 2544 nitemini
1044 2473 1058 2541 l
1072 2503 1088 2538 »
1104 2472 1211 2570 (lug,

182 2594 265 2690 31);
285 2627 301 2657 a
319 2619 461 2668 summa
480 2621 549 2694 ope
561 2602 627 2666 niti
638 2595 740 2668 dccet
753 2626 769 2661 u
788 2598 902 2692 (Cot,
926 2596 974 2690 1);
996 2621 1164 2668 «summa
1180 2602 1212 2666 vi

181 2737 305 2792 contra
319 2698 472 2792 ru'ttturl
490 2697 698 2815 (llll-54⁰),
715 2733 750 2790 et
764 2719 943 2817 permulta
958 2718 1040 2792 alia.

228 2851 339 2917 Cato:
354 2876 370 2908 «
380 2844 489 2936 Quod
501 2849 552 2914 uti
558 2843 777 2940 prohibitum
788 2847 874 2913 irem
883 2842 950 2938 (3);
964 2873 979 2908 s
996 2873 1012 2907 «
1023 2858 1214 2938 atqucere·

181 2973 234 3039 uit
248 2974 309 3058 ita,
324 2971 494 3058 Quirites,
515 2982 553 3038 ut
568 2972 603 3036 in
626 2967 692 3038 hac
705 2964 927 3038 contumelia
941 2991 1022 3063 quaa
1039 2965 1127 3036 mihi
1146 2989 1210 3062 per

181 3089 243 3187 huj
250 3116 290 3161 us
306 3089 541 3188 petulantiam
550 3091 698 3181 factam
710 3095 791 3175 itur,
811 3093 861 3159 rei
875 3113 1025 3185 quoquc
1040 3086 1208 3186 publicae,

180 3239 237 3285 me
250 3218 341 3285 Dius
365 3211 486 3301 lidius,
508 3221 674 3286 miserear
687 3213 760 3309 (4),
779 3211 985 3284 »secundae
1006 3237 1060 3283 res
1091 3211 1210 3282 laetitia

180 3353 416 3409 transvorsum
429 3337 570 3408 trudere
582 3336 700 3408 solent
716 3361 734 3408 a
751 3350 844 3408 recte
858 3334 1086 3408 consulendo
1099 3350 1209 3431 atque

179 3459 501 3558 intellegendol5).
518 3492 534 3526 s
552 3460 795 3533 -Sallustius
814 3488 821 3530 :
846 3490 862 3524 s
881 3464 975 3532 Ne...
994 3458 1114 3530 bonos
1133 3483 1208 3529 om·

213 3757 248 3824 tl)
266 3753 340 3810 Orat.
356 3753 542 3808 tloPtolomoeo
556 3754 660 3807 uuuore
673 3759 768 3807 contro
782 3750 935 3804 Thermum.
950 3750 1109 3806 Priscianus.

211 3849 247 3910 m
267 3845 340 3901 Orat.
356 3843 388 3899 do
400 3843 503 3899 consul.
519 3861 578 3899 suo.
592 3843 738 3899 Charisius.

211 3939 250 4005 (3)
268 3936 343 3991 Orat.
359 3935 395 3990 ad
410 3936 466 3989 tots
479 3933 740 3989 censuras-Festus.

211 4027 247 4095 (l)
266 4026 341 4082 Orat.
353 4040 405 4097 pro
416 4041 443 4079 so
455 4031 550 4079 contra
561 4023 592 4079 C.
609 4023 739 4079 Cassium.
755 4024 856 4082 Gellius
869 4026 904 4090 X,
920 4026 961 4079 tt.

212 4113 247 4178 (a)
266 4112 341 4170 Orat.
352 4129 402 4184 pro
414 4111 618 4178 Rhodiensibus,
632 4111 743 4179 Gellius,
755 4113 811 4180 Vll,
824 4117 850 4168 3.
