<?xml version="1.0" encoding="UTF-8"?>
<!DOCTYPE html PUBLIC "-//W3C//DTD XHTML 1.0 Transitional//EN"
    "http://www.w3.org/TR/xhtml1/DTD/xhtml1-transitional.dtd">
<html xmlns="http://www.w3.org/1999/xhtml" xml:lang="en" lang="en">
 <head>
  <title>
</title>
<meta http-equiv="Content-Type" content="text/html;charset=utf-8" />
  <meta name='ocr-system' content='tesseract 3.04.00' />
  <meta name='ocr-capabilities' content='ocr_page ocr_carea ocr_par ocr_line ocrx_word'/>
</head>
<body>
  <div class='ocr_page' id='page_1' title='image "./desallustiocato00deltgoog_0044.png"; bbox 0 0 2974 4746; ppageno 0'>
   <div class='ocr_carea' id='block_1_1' title="bbox 637 443 796 509">
    <p class='ocr_par' dir='ltr' id='par_1_1' title="bbox 637 443 796 509">
     <span class='ocr_line' id='line_1_1' title="bbox 637 443 796 509; baseline -0.031 -12"><span class='ocrx_word' id='word_1_1' title='bbox 637 443 796 509; x_wconf 69' lang='lat' dir='ltr'>„gt-</span> 
     </span>
    </p>
   </div>
   <div class='ocr_carea' id='block_1_2' title="bbox 152 599 1240 2809">
    <p class='ocr_par' dir='ltr' id='par_1_2' title="bbox 152 599 1240 2809">
     <span class='ocr_line' id='line_1_2' title="bbox 253 599 1235 704; baseline -0.007 -24"><span class='ocrx_word' id='word_1_2' title='bbox 253 606 306 680; x_wconf 80' lang='lat' dir='ltr'>Ad</span> <span class='ocrx_word' id='word_1_3' title='bbox 321 606 488 678; x_wconf 89' lang='lat' dir='ltr'>eumdem</span> <span class='ocrx_word' id='word_1_4' title='bbox 503 606 646 678; x_wconf 91' lang='lat' dir='ltr'>dicendi</span> <span class='ocrx_word' id='word_1_5' title='bbox 671 631 806 679; x_wconf 78' lang='lat' dir='ltr'>rnorem</span> <span class='ocrx_word' id='word_1_6' title='bbox 829 611 982 704; x_wconf 77' lang='lat' dir='ltr'><strong>pertinet</strong></span> <span class='ocrx_word' id='word_1_7' title='bbox 1003 599 1102 701; x_wconf 87' lang='lat' dir='ltr'>qnod</span> <span class='ocrx_word' id='word_1_8' title='bbox 1119 608 1235 703; x_wconf 88' lang='lat' dir='ltr'>saepis·</span> 
     </span>
     <span class='ocr_line' id='line_1_3' title="bbox 205 731 1233 818; baseline -0.003 -16"><span class='ocrx_word' id='word_1_9' title='bbox 205 739 293 802; x_wconf 87' lang='lat' dir='ltr'>sime</span> <span class='ocrx_word' id='word_1_10' title='bbox 316 746 350 801; x_wconf 90' lang='lat' dir='ltr'>et</span> <span class='ocrx_word' id='word_1_11' title='bbox 374 735 463 802; x_wconf 88' lang='lat' dir='ltr'>Cato</span> <span class='ocrx_word' id='word_1_12' title='bbox 490 746 525 801; x_wconf 91' lang='lat' dir='ltr'>et</span> <span class='ocrx_word' id='word_1_13' title='bbox 550 731 740 802; x_wconf 79' lang='lat' dir='ltr'><strong>Sallustius</strong></span> <span class='ocrx_word' id='word_1_14' title='bbox 760 734 1038 802; x_wconf 76' lang='lat' dir='ltr'>enumeratione</span> <span class='ocrx_word' id='word_1_15' title='bbox 1065 743 1233 818; x_wconf 89' lang='lat' dir='ltr'>utuntur,</span> 
     </span>
     <span class='ocr_line' id='line_1_4' title="bbox 205 851 1233 951; baseline 0 -26"><span class='ocrx_word' id='word_1_16' title='bbox 205 881 277 951; x_wconf 89' lang='lat' dir='ltr'>qua</span> <span class='ocrx_word' id='word_1_17' title='bbox 297 855 476 926; x_wconf 89' lang='lat' dir='ltr'>rhetorica</span> <span class='ocrx_word' id='word_1_18' title='bbox 496 853 610 950; x_wconf 87' lang='lat' dir='ltr'>figura</span> <span class='ocrx_word' id='word_1_19' title='bbox 634 852 846 951; x_wconf 85' lang='lat' dir='ltr'>frequenter</span> <span class='ocrx_word' id='word_1_20' title='bbox 869 851 1033 924; x_wconf 86' lang='lat' dir='ltr'>adhibita</span> <span class='ocrx_word' id='word_1_21' title='bbox 1061 867 1133 924; x_wconf 90' lang='lat' dir='ltr'>tota</span> <span class='ocrx_word' id='word_1_22' title='bbox 1155 878 1233 925; x_wconf 91' lang='lat' dir='ltr'>ora·</span> 
     </span>
     <span class='ocr_line' id='line_1_5' title="bbox 199 978 1234 1077; baseline -0.003 -27"><span class='ocrx_word' id='word_1_23' title='bbox 199 988 257 1050; x_wconf 92' lang='lat' dir='ltr'>tio</span> <span class='ocrx_word' id='word_1_24' title='bbox 271 980 410 1077; x_wconf 91' lang='lat' dir='ltr'>aliquid</span> <span class='ocrx_word' id='word_1_25' title='bbox 428 978 529 1052; x_wconf 86' lang='lat' dir='ltr'>fracti</span> <span class='ocrx_word' id='word_1_26' title='bbox 547 996 581 1051; x_wconf 90' lang='lat' dir='ltr'>et</span> <span class='ocrx_word' id='word_1_27' title='bbox 594 981 766 1053; x_wconf 84' lang='lat' dir='ltr'>salebrosi</span> <span class='ocrx_word' id='word_1_28' title='bbox 785 980 907 1051; x_wconf 67' lang='lat' dir='ltr'>hallei.</span> <span class='ocrx_word' id='word_1_29' title='bbox 923 984 1037 1049; x_wconf 87' lang='lat' dir='ltr'>Tanta</span> <span class='ocrx_word' id='word_1_30' title='bbox 1048 991 1100 1048; x_wconf 86' lang='lat' dir='ltr'>est</span> <span class='ocrx_word' id='word_1_31' title='bbox 1114 992 1234 1048; x_wconf 87' lang='lat' dir='ltr'>autern</span> 
     </span>
     <span class='ocr_line' id='line_1_6' title="bbox 206 1104 1236 1204; baseline -0.001 -30"><span class='ocrx_word' id='word_1_32' title='bbox 206 1104 315 1198; x_wconf 84' lang='lat' dir='ltr'>hujus</span> <span class='ocrx_word' id='word_1_33' title='bbox 329 1129 478 1200; x_wconf 88' lang='lat' dir='ltr'>quoque</span> <span class='ocrx_word' id='word_1_34' title='bbox 490 1111 539 1176; x_wconf 86' lang='lat' dir='ltr'>rei</span> <span class='ocrx_word' id='word_1_35' title='bbox 552 1105 649 1204; x_wconf 91' lang='lat' dir='ltr'>apud</span> <span class='ocrx_word' id='word_1_36' title='bbox 666 1119 808 1176; x_wconf 89' lang='lat' dir='ltr'>nostros</span> <span class='ocrx_word' id='word_1_37' title='bbox 819 1107 938 1200; x_wconf 84' lang='lat' dir='ltr'>eopia,</span> <span class='ocrx_word' id='word_1_38' title='bbox 953 1115 1066 1199; x_wconf 87' lang='lat' dir='ltr'>utego</span> <span class='ocrx_word' id='word_1_39' title='bbox 1079 1106 1236 1173; x_wconf 91' lang='lat' dir='ltr'>nonnisi</span> 
     </span>
     <span class='ocr_line' id='line_1_7' title="bbox 178 1223 1232 1326; baseline 0 -30"><span class='ocrx_word' id='word_1_40' title='bbox 178 1306 180 1309; x_wconf 40' lang='grc'>,</span> <span class='ocrx_word' id='word_1_41' title='bbox 206 1234 241 1298; x_wconf 95' lang='lat' dir='ltr'>in</span> <span class='ocrx_word' id='word_1_42' title='bbox 258 1228 431 1326; x_wconf 83' lang='lat' dir='ltr'>eligendis</span> <span class='ocrx_word' id='word_1_43' title='bbox 445 1227 618 1326; x_wconf 84' lang='lat' dir='ltr'>exemplis</span> <span class='ocrx_word' id='word_1_44' title='bbox 631 1228 798 1299; x_wconf 80' lang='lat' dir='ltr'>haereant.</span> <span class='ocrx_word' id='word_1_45' title='bbox 814 1231 1003 1324; x_wconf 82' lang='lat' dir='ltr'>Egregium</span> <span class='ocrx_word' id='word_1_46' title='bbox 1024 1230 1061 1294; x_wconf 95' lang='lat' dir='ltr'>in</span> <span class='ocrx_word' id='word_1_47' title='bbox 1081 1223 1232 1296; x_wconf 89' lang='lat' dir='ltr'>modum</span> 
     </span>
     <span class='ocr_line' id='line_1_8' title="bbox 204 1348 1235 1448; baseline -0.002 -28"><span class='ocrx_word' id='word_1_48' title='bbox 204 1376 344 1448; x_wconf 79' lang='lat' dir='ltr'>mquam</span> <span class='ocrx_word' id='word_1_49' title='bbox 357 1351 558 1423; x_wconf 88' lang='lat' dir='ltr'>libertatern</span> <span class='ocrx_word' id='word_1_50' title='bbox 569 1351 757 1448; x_wconf 82' lang='lat' dir='ltr'>descripsit</span> <span class='ocrx_word' id='word_1_51' title='bbox 771 1356 859 1422; x_wconf 87' lang='lat' dir='ltr'>Cato</span> <span class='ocrx_word' id='word_1_52' title='bbox 873 1349 928 1419; x_wconf 92' lang='lat' dir='ltr'>his</span> <span class='ocrx_word' id='word_1_53' title='bbox 939 1348 1055 1418; x_wconf 88' lang='lat' dir='ltr'>verbis</span> <span class='ocrx_word' id='word_1_54' title='bbox 1079 1374 1086 1418; x_wconf 76' lang='grc' dir='ltr'><strong><em>ε</em></strong></span> <span class='ocrx_word' id='word_1_55' title='bbox 1103 1378 1120 1413; x_wconf 74' lang='grc' dir='ltr'>ι(</span> <span class='ocrx_word' id='word_1_56' title='bbox 1135 1353 1153 1417; x_wconf 88' lang='lat' dir='ltr'><strong>J</strong></span> <span class='ocrx_word' id='word_1_57' title='bbox 1157 1360 1235 1437; x_wconf 84' lang='lat' dir='ltr'>ure,</span> 
     </span>
     <span class='ocr_line' id='line_1_9' title="bbox 208 1473 1238 1572; baseline 0.003 -32"><span class='ocrx_word' id='word_1_58' title='bbox 208 1506 225 1540; x_wconf 75' lang='grc' dir='ltr'>(ι</span> <span class='ocrx_word' id='word_1_59' title='bbox 254 1475 344 1570; x_wconf 84' lang='lat' dir='ltr'>lege,</span> <span class='ocrx_word' id='word_1_60' title='bbox 373 1474 553 1560; x_wconf 87' lang='lat' dir='ltr'>libertate,</span> <span class='ocrx_word' id='word_1_61' title='bbox 572 1473 773 1572; x_wconf 87' lang='lat' dir='ltr'>republica,</span> <span class='ocrx_word' id='word_1_62' title='bbox 790 1478 1033 1545; x_wconf 85' lang='lat' dir='ltr'>communiter</span> <span class='ocrx_word' id='word_1_63' title='bbox 1051 1477 1103 1542; x_wconf 90' lang='lat' dir='ltr'>uti</span> <span class='ocrx_word' id='word_1_64' title='bbox 1128 1493 1238 1570; x_wconf 86' lang='lat' dir='ltr'>opor·</span> 
     </span>
     <span class='ocr_line' id='line_1_10' title="bbox 208 1591 1238 1693; baseline 0.006 -33"><span class='ocrx_word' id='word_1_65' title='bbox 208 1625 224 1660; x_wconf 75' lang='lat' dir='ltr'>a</span> <span class='ocrx_word' id='word_1_66' title='bbox 254 1611 327 1683; x_wconf 90' lang='lat' dir='ltr'>tet;</span> <span class='ocrx_word' id='word_1_67' title='bbox 351 1595 466 1693; x_wconf 87' lang='lat' dir='ltr'>gloria</span> <span class='ocrx_word' id='word_1_68' title='bbox 491 1611 600 1692; x_wconf 88' lang='lat' dir='ltr'>atque</span> <span class='ocrx_word' id='word_1_69' title='bbox 626 1597 767 1666; x_wconf 87' lang='lat' dir='ltr'>honore</span> <span class='ocrx_word' id='word_1_70' title='bbox 790 1591 979 1693; x_wconf 88' lang='lat' dir='ltr'>quomodo</span> <span class='ocrx_word' id='word_1_71' title='bbox 995 1595 1063 1665; x_wconf 86' lang='lat' dir='ltr'>sibi</span> <span class='ocrx_word' id='word_1_72' title='bbox 1081 1601 1238 1691; x_wconf 80' lang='lat' dir='ltr'>quisque</span> 
     </span>
     <span class='ocr_line' id='line_1_11' title="bbox 152 1707 1240 1814; baseline 0.004 -30"><span class='ocrx_word' id='word_1_73' title='bbox 152 1760 154 1766; x_wconf 92' lang='lat'>·</span> <span class='ocrx_word' id='word_1_74' title='bbox 207 1749 224 1784; x_wconf 78' lang='lat' dir='ltr'>u</span> <span class='ocrx_word' id='word_1_75' title='bbox 253 1723 421 1790; x_wconf 86' lang='lat' dir='ltr'>struxerit</span> <span class='ocrx_word' id='word_1_76' title='bbox 444 1717 509 1814; x_wconf 84' lang='lat' dir='ltr'>(r).</span> <span class='ocrx_word' id='word_1_77' title='bbox 526 1749 542 1784; x_wconf 74' lang='lat' dir='ltr'>r</span> <span class='ocrx_word' id='word_1_78' title='bbox 561 1718 740 1791; x_wconf 74' lang='lat' dir='ltr'>Notabilis</span> <span class='ocrx_word' id='word_1_79' title='bbox 760 1741 909 1814; x_wconf 82' lang='lat' dir='ltr'>qnoque</span> <span class='ocrx_word' id='word_1_80' title='bbox 934 1707 1159 1788; x_wconf 72' lang='lat' dir='ltr'>enumeratio</span> <span class='ocrx_word' id='word_1_81' title='bbox 1188 1729 1240 1788; x_wconf 86' lang='lat' dir='ltr'>est</span> 
     </span>
     <span class='ocr_line' id='line_1_12' title="bbox 203 1841 1232 1938; baseline -0.002 -26"><span class='ocrx_word' id='word_1_82' title='bbox 203 1849 239 1913; x_wconf 90' lang='lat' dir='ltr'>in</span> <span class='ocrx_word' id='word_1_83' title='bbox 253 1849 416 1914; x_wconf 85' lang='lat' dir='ltr'>oratione</span> <span class='ocrx_word' id='word_1_84' title='bbox 431 1859 558 1914; x_wconf 84' lang='lat' dir='ltr'>cantra</span> <span class='ocrx_word' id='word_1_85' title='bbox 579 1845 789 1930; x_wconf 75' lang='lat' dir='ltr'>Thermum,</span> <span class='ocrx_word' id='word_1_86' title='bbox 806 1865 919 1938; x_wconf 89' lang='lat' dir='ltr'>quem</span> <span class='ocrx_word' id='word_1_87' title='bbox 937 1841 1056 1911; x_wconf 86' lang='lat' dir='ltr'>locutn</span> <span class='ocrx_word' id='word_1_88' title='bbox 1078 1841 1153 1936; x_wconf 88' lang='lat' dir='ltr'>jam</span> <span class='ocrx_word' id='word_1_89' title='bbox 1170 1865 1232 1911; x_wconf 87' lang='lat' dir='ltr'>su-</span> 
     </span>
     <span class='ocr_line' id='line_1_13' title="bbox 206 1965 1239 2066; baseline -0.004 -28"><span class='ocrx_word' id='word_1_90' title='bbox 206 1993 268 2066; x_wconf 85' lang='lat' dir='ltr'>pra</span> <span class='ocrx_word' id='word_1_91' title='bbox 282 1965 427 2038; x_wconf 82' lang='lat' dir='ltr'>laudavi</span> <span class='ocrx_word' id='word_1_92' title='bbox 444 1967 511 2063; x_wconf 75' lang='lat' dir='ltr'>(a).</span> <span class='ocrx_word' id='word_1_93' title='bbox 532 1971 606 2038; x_wconf 88' lang='lat' dir='ltr'>Nec</span> <span class='ocrx_word' id='word_1_94' title='bbox 627 1969 746 2038; x_wconf 90' lang='lat' dir='ltr'>minus</span> <span class='ocrx_word' id='word_1_95' title='bbox 761 1971 911 2063; x_wconf 86' lang='lat' dir='ltr'>insignis</span> <span class='ocrx_word' id='word_1_96' title='bbox 928 1965 1004 2036; x_wconf 86' lang='lat' dir='ltr'>haec</span> <span class='ocrx_word' id='word_1_97' title='bbox 1022 1991 1029 2036; x_wconf 74' lang='grc' dir='ltr'><strong>ε</strong></span> <span class='ocrx_word' id='word_1_98' title='bbox 1047 1996 1063 2028; x_wconf 74' lang='grc' dir='ltr'>«ι</span> <span class='ocrx_word' id='word_1_99' title='bbox 1090 1969 1239 2062; x_wconf 84' lang='lat' dir='ltr'>Propter</span> 
     </span>
     <span class='ocr_line' id='line_1_14' title="bbox 207 2088 1235 2187; baseline 0.002 -29"><span class='ocrx_word' id='word_1_100' title='bbox 207 2123 224 2158; x_wconf 75' lang='lat' dir='ltr'>r&lt;</span> <span class='ocrx_word' id='word_1_101' title='bbox 254 2093 331 2187; x_wconf 89' lang='lat' dir='ltr'>ejus</span> <span class='ocrx_word' id='word_1_102' title='bbox 358 2091 570 2187; x_wconf 70' lang='lat' dir='ltr'>(Leonidae)</span> <span class='ocrx_word' id='word_1_103' title='bbox 597 2098 744 2163; x_wconf 91' lang='lat' dir='ltr'>virtutes</span> <span class='ocrx_word' id='word_1_104' title='bbox 768 2095 887 2162; x_wconf 90' lang='lat' dir='ltr'>onmis</span> <span class='ocrx_word' id='word_1_105' title='bbox 915 2095 1050 2160; x_wconf 85' lang='lat' dir='ltr'>Groecia</span> <span class='ocrx_word' id='word_1_106' title='bbox 1082 2088 1235 2186; x_wconf 83' lang='lat' dir='ltr'>gloriam</span> 
     </span>
     <span class='ocr_line' id='line_1_15' title="bbox 208 2209 1235 2314; baseline 0.001 -33"><span class='ocrx_word' id='word_1_107' title='bbox 208 2247 224 2282; x_wconf 71' lang='lat' dir='ltr'>a</span> <span class='ocrx_word' id='word_1_108' title='bbox 248 2231 357 2312; x_wconf 88' lang='lat' dir='ltr'>atque</span> <span class='ocrx_word' id='word_1_109' title='bbox 367 2221 516 2312; x_wconf 88' lang='lat' dir='ltr'>gratiam</span> <span class='ocrx_word' id='word_1_110' title='bbox 529 2223 745 2314; x_wconf 70' lang='lat' dir='ltr'>praecipuam</span> <span class='ocrx_word' id='word_1_111' title='bbox 761 2213 986 2286; x_wconf 72' lang='lat' dir='ltr'>claritudinis</span> <span class='ocrx_word' id='word_1_112' title='bbox 1003 2209 1235 2284; x_wconf 78' lang='lat' dir='ltr'>inclitissimae</span> 
     </span>
     <span class='ocr_line' id='line_1_16' title="bbox 208 2335 1234 2434; baseline -0.003 -25"><span class='ocrx_word' id='word_1_113' title='bbox 208 2369 224 2405; x_wconf 94' lang='lat'>«</span> <span class='ocrx_word' id='word_1_114' title='bbox 254 2338 467 2410; x_wconf 89' lang='lat' dir='ltr'>decoravere</span> <span class='ocrx_word' id='word_1_115' title='bbox 487 2343 732 2428; x_wconf 83' lang='lat' dir='ltr'>monimentis,</span> <span class='ocrx_word' id='word_1_116' title='bbox 753 2343 878 2434; x_wconf 83' lang='lat' dir='ltr'>signis,</span> <span class='ocrx_word' id='word_1_117' title='bbox 909 2343 1058 2425; x_wconf 86' lang='lat' dir='ltr'>statuis,</span> <span class='ocrx_word' id='word_1_118' title='bbox 1088 2335 1234 2432; x_wconf 86' lang='lat' dir='ltr'>elogiis,</span> 
     </span>
     <span class='ocr_line' id='line_1_17' title="bbox 208 2461 1233 2562; baseline 0.006 -34"><span class='ocrx_word' id='word_1_119' title='bbox 208 2495 224 2528; x_wconf 70' lang='grc' dir='ltr'><em>α</em></span> <span class='ocrx_word' id='word_1_120' title='bbox 254 2464 425 2548; x_wconf 77' lang='lat' dir='ltr'>historiis,</span> <span class='ocrx_word' id='word_1_121' title='bbox 448 2465 600 2562; x_wconf 86' lang='lat' dir='ltr'>aliisque</span> <span class='ocrx_word' id='word_1_122' title='bbox 620 2464 728 2536; x_wconf 88' lang='lat' dir='ltr'>rebus</span> <span class='ocrx_word' id='word_1_123' title='bbox 747 2470 990 2561; x_wconf 86' lang='lat' dir='ltr'>gratissimum</span> <span class='ocrx_word' id='word_1_124' title='bbox 1007 2462 1043 2534; x_wconf 91' lang='lat' dir='ltr'>id</span> <span class='ocrx_word' id='word_1_125' title='bbox 1065 2465 1143 2560; x_wconf 81' lang='lat' dir='ltr'>ejus</span> <span class='ocrx_word' id='word_1_126' title='bbox 1160 2461 1233 2534; x_wconf 88' lang='lat' dir='ltr'>fac·</span> 
     </span>
     <span class='ocr_line' id='line_1_18' title="bbox 208 2587 1227 2686; baseline 0 -29"><span class='ocrx_word' id='word_1_127' title='bbox 208 2617 225 2651; x_wconf 77' lang='grc' dir='ltr'>α</span> <span class='ocrx_word' id='word_1_128' title='bbox 254 2602 331 2659; x_wconf 88' lang='lat' dir='ltr'>turn</span> <span class='ocrx_word' id='word_1_129' title='bbox 355 2589 516 2659; x_wconf 90' lang='lat' dir='ltr'>habuere</span> <span class='ocrx_word' id='word_1_130' title='bbox 543 2589 610 2686; x_wconf 73' lang='lat'>(3),</span> <span class='ocrx_word' id='word_1_131' title='bbox 632 2617 648 2653; x_wconf 87' lang='lat'>»</span> <span class='ocrx_word' id='word_1_132' title='bbox 671 2603 738 2660; x_wconf 89' lang='lat' dir='ltr'>etc.</span> <span class='ocrx_word' id='word_1_133' title='bbox 764 2593 887 2679; x_wconf 90' lang='lat' dir='ltr'>Quum</span> <span class='ocrx_word' id='word_1_134' title='bbox 918 2601 1038 2658; x_wconf 84' lang='lat' dir='ltr'>autem</span> <span class='ocrx_word' id='word_1_135' title='bbox 1053 2587 1227 2658; x_wconf 85' lang='lat' dir='ltr'>creberri-</span> 
     </span>
     <span class='ocr_line' id='line_1_19' title="bbox 207 2711 1235 2809; baseline -0.002 -28"><span class='ocrx_word' id='word_1_136' title='bbox 207 2736 272 2781; x_wconf 88' lang='lat' dir='ltr'>mae</span> <span class='ocrx_word' id='word_1_137' title='bbox 301 2718 372 2781; x_wconf 89' lang='lat' dir='ltr'>sint</span> <span class='ocrx_word' id='word_1_138' title='bbox 400 2717 437 2782; x_wconf 92' lang='lat' dir='ltr'>in</span> <span class='ocrx_word' id='word_1_139' title='bbox 465 2711 634 2782; x_wconf 88' lang='lat' dir='ltr'>Sallustio</span> <span class='ocrx_word' id='word_1_140' title='bbox 666 2717 975 2800; x_wconf 88' lang='lat' dir='ltr'>enumerationes,</span> <span class='ocrx_word' id='word_1_141' title='bbox 1011 2733 1143 2809; x_wconf 81' lang='lat' dir='ltr'>paucas</span> <span class='ocrx_word' id='word_1_142' title='bbox 1160 2726 1235 2780; x_wconf 90' lang='lat' dir='ltr'>tan·</span> 
     </span>
    </p>
   </div>
   <div class='ocr_carea' id='block_1_3' title="bbox 206 2825 1235 3304">
    <p class='ocr_par' dir='ltr' id='par_1_3' title="bbox 206 2825 1235 3304">
     <span class='ocr_line' id='line_1_20' title="bbox 206 2825 1226 2931; baseline -0.002 -25"><span class='ocrx_word' id='word_1_143' title='bbox 206 2851 282 2906; x_wconf 87' lang='lat' dir='ltr'>turn</span> <span class='ocrx_word' id='word_1_144' title='bbox 307 2861 349 2906; x_wconf 82' lang='lat' dir='ltr'>ex</span> <span class='ocrx_word' id='word_1_145' title='bbox 373 2840 537 2907; x_wconf 89' lang='lat' dir='ltr'>oratione</span> <span class='ocrx_word' id='word_1_146' title='bbox 559 2825 721 2907; x_wconf 76' lang='lat' dir='ltr'>Catiline’e</span> <span class='ocrx_word' id='word_1_147' title='bbox 748 2834 794 2905; x_wconf 84' lang='lat' dir='ltr'>atl</span> <span class='ocrx_word' id='word_1_148' title='bbox 822 2835 1034 2930; x_wconf 86' lang='lat' dir='ltr'>conjuratos</span> <span class='ocrx_word' id='word_1_149' title='bbox 1069 2855 1226 2931; x_wconf 91' lang='lat' dir='ltr'>ponam:</span> 
     </span>
     <span class='ocr_line' id='line_1_21' title="bbox 209 2958 1234 3056; baseline 0.001 -30"><span class='ocrx_word' id='word_1_150' title='bbox 209 2991 225 3026; x_wconf 74' lang='lat' dir='ltr'>a</span> <span class='ocrx_word' id='word_1_151' title='bbox 253 2962 383 3049; x_wconf 86' lang='lat' dir='ltr'>Quum·</span> <span class='ocrx_word' id='word_1_152' title='bbox 396 2958 550 3046; x_wconf 85' lang='lat' dir='ltr'>tabulas,</span> <span class='ocrx_word' id='word_1_153' title='bbox 579 2967 694 3056; x_wconf 85' lang='lat' dir='ltr'>sigua,</span> <span class='ocrx_word' id='word_1_154' title='bbox 724 2971 925 3029; x_wconf 85' lang='lat' dir='ltr'>toreumata</span> <span class='ocrx_word' id='word_1_155' title='bbox 960 2973 1109 3044; x_wconf 87' lang='lat' dir='ltr'>eruunt,</span> <span class='ocrx_word' id='word_1_156' title='bbox 1141 2981 1234 3028; x_wconf 87' lang='lat' dir='ltr'>nova</span> 
     </span>
     <span class='ocr_line' id='line_1_22' title="bbox 208 3081 1232 3180; baseline 0.004 -32"><span class='ocrx_word' id='word_1_157' title='bbox 208 3113 223 3148; x_wconf 77' lang='lat' dir='ltr'>&lt;r</span> <span class='ocrx_word' id='word_1_158' title='bbox 254 3082 418 3173; x_wconf 88' lang='lat' dir='ltr'>diruunt,</span> <span class='ocrx_word' id='word_1_159' title='bbox 430 3083 498 3154; x_wconf 88' lang='lat' dir='ltr'>alia</span> <span class='ocrx_word' id='word_1_160' title='bbox 517 3081 710 3171; x_wconf 72' lang='lat' dir='ltr'>aedificant,</span> <span class='ocrx_word' id='word_1_161' title='bbox 728 3099 910 3180; x_wconf 89' lang='lat' dir='ltr'>postremo</span> <span class='ocrx_word' id='word_1_162' title='bbox 926 3081 1098 3152; x_wconf 83' lang='lat' dir='ltr'>omnibus</span> <span class='ocrx_word' id='word_1_163' title='bbox 1114 3081 1232 3152; x_wconf 89' lang='lat' dir='ltr'>modis</span> 
     </span>
     <span class='ocr_line' id='line_1_23' title="bbox 208 3199 1235 3304; baseline 0.004 -33"><span class='ocrx_word' id='word_1_164' title='bbox 208 3237 224 3271; x_wconf 91' lang='lat'>«</span> <span class='ocrx_word' id='word_1_165' title='bbox 254 3213 444 3304; x_wconf 89' lang='lat' dir='ltr'>pecuniam</span> <span class='ocrx_word' id='word_1_166' title='bbox 460 3207 619 3294; x_wconf 91' lang='lat' dir='ltr'>trahunt,</span> <span class='ocrx_word' id='word_1_167' title='bbox 642 3199 792 3294; x_wconf 66' lang='lat' dir='ltr'>verrant,⁴</span> <span class='ocrx_word' id='word_1_168' title='bbox 816 3221 934 3277; x_wconf 89' lang='lat' dir='ltr'>tamen</span> <span class='ocrx_word' id='word_1_169' title='bbox 961 3227 1103 3276; x_wconf 87' lang='lat' dir='ltr'>summa</span> <span class='ocrx_word' id='word_1_170' title='bbox 1133 3205 1235 3275; x_wconf 90' lang='lat' dir='ltr'>lubi·</span> 
     </span>
    </p>
   </div>
   <div class='ocr_carea' id='block_1_4' title="bbox 208 3327 1226 3426">
    <p class='ocr_par' dir='ltr' id='par_1_4' title="bbox 208 3327 1226 3426">
     <span class='ocr_line' id='line_1_24' title="bbox 208 3327 1226 3426; baseline -0.001 -25"><span class='ocrx_word' id='word_1_171' title='bbox 208 3361 225 3394; x_wconf 78' lang='grc' dir='ltr'>α</span> <span class='ocrx_word' id='word_1_172' title='bbox 253 3331 337 3402; x_wconf 90' lang='lat' dir='ltr'>dine</span> <span class='ocrx_word' id='word_1_173' title='bbox 351 3330 492 3402; x_wconf 85' lang='lat' dir='ltr'>divitias</span> <span class='ocrx_word' id='word_1_174' title='bbox 509 3337 649 3402; x_wconf 85' lang='lat' dir='ltr'>vincere</span> <span class='ocrx_word' id='word_1_175' title='bbox 670 3343 870 3426; x_wconf 89' lang='lat' dir='ltr'>nequeunt.</span> <span class='ocrx_word' id='word_1_176' title='bbox 893 3360 909 3394; x_wconf 87' lang='lat'>»</span> <span class='ocrx_word' id='word_1_177' title='bbox 927 3333 970 3398; x_wconf 87' lang='lat' dir='ltr'>Et</span> <span class='ocrx_word' id='word_1_178' title='bbox 983 3327 1093 3425; x_wconf 89' lang='lat' dir='ltr'>paulu</span> <span class='ocrx_word' id='word_1_179' title='bbox 1108 3327 1202 3400; x_wconf 81' lang='lat' dir='ltr'>infra</span> <span class='ocrx_word' id='word_1_180' title='bbox 1219 3357 1226 3400; x_wconf 91' lang='lat'>:</span> 
     </span>
    </p>
   </div>
   <div class='ocr_carea' id='block_1_5' title="bbox 202 3572 1237 4182">
    <p class='ocr_par' dir='ltr' id='par_1_5' title="bbox 202 3572 1237 3916">
     <span class='ocr_line' id='line_1_25' title="bbox 205 3572 1235 3645; baseline 0.002 -19"><span class='ocrx_word' id='word_1_181' title='bbox 205 3573 335 3645; x_wconf 69' lang='lat' dir='ltr'>«Quaeso,</span> <span class='ocrx_word' id='word_1_182' title='bbox 349 3574 515 3630; x_wconf 83' lang='lat' dir='ltr'>considerata</span> <span class='ocrx_word' id='word_1_183' title='bbox 532 3591 614 3645; x_wconf 86' lang='lat' dir='ltr'>quarn</span> <span class='ocrx_word' id='word_1_184' title='bbox 625 3589 754 3630; x_wconf 86' lang='lat' dir='ltr'>conversa</span> <span class='ocrx_word' id='word_1_185' title='bbox 767 3590 856 3629; x_wconf 87' lang='lat' dir='ltr'>rerum</span> <span class='ocrx_word' id='word_1_186' title='bbox 870 3580 965 3628; x_wconf 84' lang='lat' dir='ltr'>natura</span> <span class='ocrx_word' id='word_1_187' title='bbox 978 3574 1021 3627; x_wconf 91' lang='lat' dir='ltr'>sit.</span> <span class='ocrx_word' id='word_1_188' title='bbox 1038 3572 1124 3628; x_wconf 86' lang='lat' dir='ltr'>Antea</span> <span class='ocrx_word' id='word_1_189' title='bbox 1134 3572 1235 3628; x_wconf 86' lang='lat' dir='ltr'>malum</span> 
     </span>
     <span class='ocr_line' id='line_1_26' title="bbox 203 3658 1237 3734; baseline -0.002 -18"><span class='ocrx_word' id='word_1_190' title='bbox 203 3662 339 3733; x_wconf 84' lang='lat' dir='ltr'>publicum</span> <span class='ocrx_word' id='word_1_191' title='bbox 349 3662 461 3730; x_wconf 86' lang='lat' dir='ltr'>occulte,</span> <span class='ocrx_word' id='word_1_192' title='bbox 476 3663 574 3718; x_wconf 81' lang='lat' dir='ltr'>auxilia</span> <span class='ocrx_word' id='word_1_193' title='bbox 587 3663 677 3734; x_wconf 83' lang='lat' dir='ltr'>palam</span> <span class='ocrx_word' id='word_1_194' title='bbox 687 3663 897 3728; x_wconf 86' lang='lat' dir='ltr'>instruebantur,</span> <span class='ocrx_word' id='word_1_195' title='bbox 908 3667 935 3716; x_wconf 86' lang='lat' dir='ltr'>et</span> <span class='ocrx_word' id='word_1_196' title='bbox 950 3675 982 3716; x_wconf 90' lang='lat' dir='ltr'>eo</span> <span class='ocrx_word' id='word_1_197' title='bbox 994 3659 1150 3715; x_wconf 83' lang='lat' dir='ltr'>bonimalos</span> <span class='ocrx_word' id='word_1_198' title='bbox 1159 3658 1237 3714; x_wconf 81' lang='lat' dir='ltr'>laclia</span> 
     </span>
     <span class='ocr_line' id='line_1_27' title="bbox 203 3745 1237 3822; baseline -0.004 -16"><span class='ocrx_word' id='word_1_199' title='bbox 203 3751 350 3806; x_wconf 84' lang='lat' dir='ltr'>anteibant.</span> <span class='ocrx_word' id='word_1_200' title='bbox 375 3751 452 3806; x_wconf 90' lang='lat' dir='ltr'>Nunc</span> <span class='ocrx_word' id='word_1_201' title='bbox 470 3765 540 3822; x_wconf 83' lang='lat' dir='ltr'>pax,</span> <span class='ocrx_word' id='word_1_202' title='bbox 559 3749 700 3805; x_wconf 85' lang='lat' dir='ltr'>concordia</span> <span class='ocrx_word' id='word_1_203' title='bbox 722 3749 907 3805; x_wconf 84' lang='lat' dir='ltr'>disturbantur</span> <span class='ocrx_word' id='word_1_204' title='bbox 927 3748 1034 3822; x_wconf 83' lang='lat' dir='ltr'>palam,</span> <span class='ocrx_word' id='word_1_205' title='bbox 1058 3745 1237 3803; x_wconf 81' lang='lat' dir='ltr'>defenduntur</span> 
     </span>
     <span class='ocr_line' id='line_1_28' title="bbox 202 3841 1058 3916; baseline -0.007 -17"><span class='ocrx_word' id='word_1_206' title='bbox 202 3844 319 3912; x_wconf 87' lang='lat' dir='ltr'>occulte;</span> <span class='ocrx_word' id='word_1_207' title='bbox 336 3843 434 3914; x_wconf 86' lang='lat' dir='ltr'>quibus</span> <span class='ocrx_word' id='word_1_208' title='bbox 448 3843 493 3916; x_wconf 77' lang='lat' dir='ltr'>illa</span> <span class='ocrx_word' id='word_1_209' title='bbox 506 3841 659 3914; x_wconf 66' lang='lat' dir='ltr'>placentin</span> <span class='ocrx_word' id='word_1_210' title='bbox 672 3842 754 3896; x_wconf 86' lang='lat' dir='ltr'>armis</span> <span class='ocrx_word' id='word_1_211' title='bbox 766 3848 839 3911; x_wconf 90' lang='lat' dir='ltr'>sunt,</span> <span class='ocrx_word' id='word_1_212' title='bbox 851 3856 899 3897; x_wconf 83' lang='lat' dir='ltr'>ros</span> <span class='ocrx_word' id='word_1_213' title='bbox 913 3843 938 3896; x_wconf 91' lang='lat' dir='ltr'>in</span> <span class='ocrx_word' id='word_1_214' title='bbox 950 3847 1058 3898; x_wconf 76' lang='lat' dir='ltr'>metu.»</span> 
     </span>
    </p>

    <p class='ocr_par' dir='ltr' id='par_1_6' title="bbox 238 3931 717 4004">
     <span class='ocr_line' id='line_1_29' title="bbox 238 3931 717 4004; baseline -0.002 -17"><span class='ocrx_word' id='word_1_215' title='bbox 238 3932 275 4004; x_wconf 81' lang='lat' dir='ltr'>(l)</span> <span class='ocrx_word' id='word_1_216' title='bbox 294 3932 408 4004; x_wconf 72' lang='lat' dir='ltr'>Frcqm.</span> <span class='ocrx_word' id='word_1_217' title='bbox 421 3935 515 3987; x_wconf 72' lang='lat' dir='ltr'>inunt.</span> <span class='ocrx_word' id='word_1_218' title='bbox 527 3937 597 3987; x_wconf 87' lang='lat' dir='ltr'>orat.</span> <span class='ocrx_word' id='word_1_219' title='bbox 609 3931 717 3986; x_wconf 85' lang='lat' dir='ltr'>Festus.</span> 
     </span>
    </p>

    <p class='ocr_par' dir='ltr' id='par_1_7' title="bbox 238 4023 422 4092">
     <span class='ocr_line' id='line_1_30' title="bbox 238 4023 422 4092; baseline -0.022 -14"><span class='ocrx_word' id='word_1_220' title='bbox 238 4025 278 4091; x_wconf 76' lang='lat'>(2)</span> <span class='ocrx_word' id='word_1_221' title='bbox 296 4023 360 4092; x_wconf 83' lang='lat' dir='ltr'>Pag.</span> <span class='ocrx_word' id='word_1_222' title='bbox 377 4023 422 4077; x_wconf 78' lang='lat' dir='ltr'>at.</span> 
     </span>
    </p>

    <p class='ocr_par' dir='ltr' id='par_1_8' title="bbox 236 4107 658 4182">
     <span class='ocr_line' id='line_1_31' title="bbox 236 4107 658 4182; baseline -0.009 -16"><span class='ocrx_word' id='word_1_223' title='bbox 236 4114 275 4180; x_wconf 73' lang='lat'>(3)</span> <span class='ocrx_word' id='word_1_224' title='bbox 296 4107 373 4182; x_wconf 74' lang='lat' dir='ltr'>Orip.</span> <span class='ocrx_word' id='word_1_225' title='bbox 385 4109 431 4165; x_wconf 89' lang='lat' dir='ltr'>lV.</span> <span class='ocrx_word' id='word_1_226' title='bbox 446 4107 556 4178; x_wconf 82' lang='lat' dir='ltr'>Gellius,</span> <span class='ocrx_word' id='word_1_227' title='bbox 573 4107 618 4180; x_wconf 82' lang='lat' dir='ltr'>nt,</span> <span class='ocrx_word' id='word_1_228' title='bbox 631 4109 658 4162; x_wconf 82' lang='lat'>7.</span> 
     </span>
    </p>
   </div>
   <div class='ocr_carea' id='block_1_6' title="bbox 0 0 1492 4746">
    <p class='ocr_par' dir='ltr' id='par_1_9' title="bbox 0 0 1492 4746">
     <span class='ocr_line' id='line_1_32' title="bbox 0 0 1492 4746; baseline 0 0"><span class='ocrx_word' id='word_1_229' title='bbox 0 0 1492 4746; x_wconf 95' lang='lat' dir='ltr'> </span> 
     </span>
    </p>
   </div>
  </div>
 </body>
</html>
