2974 4746
717 462 872 524 ...3st-

281 621 442 714 posuisse
465 614 687 688 Sallustium.
722 623 802 716 Ipsa
832 616 1108 717 translationum
1136 615 1306 706 audacia,

279 768 389 839 quam
417 747 454 814 iu
475 743 553 838 ejus
569 747 711 842 scriptis
735 741 904 842 carpebat
921 747 1057 830 Ateius
1075 739 1196 814 forsan
1231 767 1305 814 non

279 866 351 936 alio
373 865 418 936 de
435 864 536 937 fonte
551 864 667 938 llttxit.
685 865 817 963 Multas
841 872 952 954 enim,
974 891 1015 938 ac
1030 891 1120 964 saepe
1136 871 1305 962 insignes,

280 1014 370 1087 saepe
389 988 434 1061 de
462 988 580 1062 medio
608 1005 779 1088 sumptas,
808 1005 843 1062 et
870 989 1106 1088 lepidissimas
1132 989 1305 1086 quidem,

278 1117 452 1210 imagines
464 1118 500 1184 in
516 1118 662 1188 Catonis
674 1112 881 1212 fragmentis
897 1117 1068 1186 invenias.
1087 1113 1214 1185 Vivida
1232 1113 1307 1198 haec

278 1253 314 1308 et
337 1235 514 1310 notabilia
536 1253 621 1310 sunt
643 1266 689 1310 :a
719 1241 791 1328 Qui
816 1263 882 1310 nec
906 1245 1084 1310 orientem
1097 1238 1205 1308 solem
1236 1264 1305 1308 uu·

277 1339 389 1457 quam
407 1361 591 1450 viderunt,
604 1386 724 1460 neque
744 1362 961 1434 occidentem
976 1362 1042 1458 (t)
1060 1393 1075 1428 u
1096 1393 1112 1428 a
1133 1367 1305 1460 Accipite,

278 1489 306 1554 si
322 1484 450 1584 placet,
467 1487 536 1558 hoo
551 1513 642 1560 ontis
660 1493 696 1556 iu
717 1486 828 1556 collos
853 1502 990 1557 vestros
1001 1516 1016 1574 ‚·
1040 1517 1057 1552 a
1083 1485 1148 1556 ubi
1168 1489 1308 1567 Nonius

277 1609 382 1679 collos
400 1635 466 1707 pro
484 1610 577 1682 eolla
597 1615 733 1682 arctavit
753 1609 820 1704 (2).
844 1639 861 1674 a
884 1615 1018 1680 Eorum
1039 1633 1106 1706 ego
1125 1613 1308 1680 orationes

277 1737 611 1829 siuopraeterfluere
625 1733 714 1830 (3).»
736 1733 925 1806 «Advorsae
939 1758 994 1804 res
1008 1731 1179 1804 edomant
1192 1747 1225 1802 et
1241 1731 1307 1806 do·

288 1888 296 1920 ‹
325 1872 406 1928 cent
417 1857 505 1954 quid
522 1857 775 1957 opussitlacto
787 1885 795 1944 3
809 1857 976 1930 secundae
989 1881 1043 1930 res
1055 1856 1173 1928 laetitia
1189 1872 1306 1926 trans·

280 2010 296 2042 u
325 2004 462 2052 vorsum
483 1981 625 2054 trudere
651 1981 767 2054 solent
792 2005 812 2066 a
833 1997 927 2052 recte
954 1978 1181 2052 consulendo
1200 1995 1308 2076 atque

280 2132 296 2166 a
325 2102 567 2201 intellegendo
579 2103 668 2199 (4).»
679 2146 726 2156 -
742 2135 758 2170 a
772 2107 969 2200 Quumque
983 2103 1162 2178 Hannibal
1178 2120 1307 2174 terram

275 2224 415 2300 Italiam
440 2227 617 2300 laceraret
640 2245 748 2326 atque
773 2243 922 2299 vexaret
947 2226 1011 2326 (5).
1041 2259 1058 2294 a
1087 2231 1306 2324 Quanquam

274 2364 394 2422 autam
413 2349 553 2446 aliquid
568 2357 721 2424 omnino
742 2357 924 2449 poeticum
945 2357 982 2423 in
1003 2349 1206 2448 fragmento
1223 2375 1305 2423 ora·

274 2477 383 2544 tionis
415 2472 460 2543 de
481 2473 667 2546 consulatu
688 2499 752 2546 suo
775 2475 827 2571 (6)
852 2481 1124 2572 agrammatico
1143 2476 1307 2548 Charisio

274 2594 424 2666 assertor
453 2625 460 2667 :
492 2627 510 2662 u
541 2596 681 2670 Deinde
705 2615 897 2696 postquam
930 2599 1125 2672 Massiliam
1149 2605 1307 2698 prateri-

277 2750 294 2784 α
321 2746 420 2810 inus,
441 2721 527 2792 inde
542 2747 688 2794 omnem
707 2722 855 2796 classem
866 2738 986 2796 auster
1003 2722 1093 2796 lenis
1107 2721 1195 2813 lert3
1212 2749 1308 2796 more

278 2874 295 2910 a
325 2844 407 2918 velt's
416 2849 554 2937 florere
569 2846 622 2943 (7)
643 2847 778 2920 videres
790 2875 799 2936 ;
813 2881 829 2913 a
843 2864 962 2920 tamen
976 2853 1106 2946 saepius
1122 2849 1201 2946 ejus
1216 2855 1305 2921 ima·

309 3128 346 3201 (t)
365 3129 459 3184 Seuec.
475 3128 563 3201 Epist.
579 3132 639 3187 422.

309 3223 346 3286 (i)
365 3217 395 3276 ln
408 3219 511 3276 Seteia.

307 3312 345 3380 (3)
364 3312 430 3366 Plin.
445 3311 520 3366 tttst.
531 3317 589 3366 nat.
603 3310 708 3382 praelat.
724 3309 768 3368 at.

295 3400 344 3472 ,(4)
364 3401 439 3458 Orat.
464 3417 515 3473 pro
535 3397 739 3455 Rhodiensibus.
760 3399 835 3455 illam
861 3399 1021 3456 seutentiam
1036 3399 1133 3455 mirum
1154 3399 1181 3454 iu
1199 3398 1308 3455 modum

272 3490 371 3562 pressit
381 3488 462 3544 Corn.
476 3489 585 3546 Tacitus
597 3489 678 3554 (Hiat.
689 3490 709 3557 l,
726 3491 770 3555 lii)
780 3507 785 3543 ι
797 3508 808 3541 a
821 3488 952 3546 Secunda
965 3505 1010 3546 res
1029 3487 1178 3544 acrioribus
1193 3487 1307 3544 stimulis

273 3577 376 3640 animos
391 3575 543 3647 exploraut3
559 3576 622 3646 quia
635 3576 752 3632 miseriae
763 3575 920 3652 tolerantur,
940 3576 1067 3634 felicitate
1077 3575 1303 3648 corrumpimur.»

309 3667 346 3736 (ὃ)
363 3665 402 3721 Du
414 3665 529 3723 Acdaeis.
543 3664 655 3733 Gellius
670 3665 703 3734 ll,
717 3669 744 3720 6.

307 3755 345 3822 (6)
364 3753 477 3830 Illarum
487 3753 623 3810 dictorum
633 3752 665 3808 de
676 3752 835 3808 consulario
848 3753 975 3822 (Charis,
990 3769 1017 3826 p.
1034 3753 1108 3820 l85).

307 3843 344 3908 tn
362 3842 438 3900 Unde
449 3842 540 3899 lorsau
552 3842 693 3900 Lueretius
704 3843 749 3914 (V,
764 3844 840 3911 ttn:
856 3861 869 3896 a
884 3844 961 3909 Tum¹
972 3857 1047 3898 maro
1068 3841 1211 3900 velivolum
1228 3840 1306 3920 liora

272 3931 319 3987 bat
339 3930 447 3986 navibu’
473 3931 578 4003 pandis.
592 3950 605 3982 u
620 3930 745 4003 Servius,
769 3933 840 3990 hune
862 3946 970 3986 versum
991 3929 1120 3986 laudans:
1139 3931 1266 3986 «Ennius
1279 3935 1307 3986 et

272 4019 409 4076 Lucretius
424 4018 519 4074 florere
532 4018 624 4073 dicunt
642 4034 721 4076 omna
731 4020 802 4091 qnod
813 4019 927 4075 nitidum
942 4025 997 4088 est;
1012 4020 1088 4076 sicin
1099 4021 1222 4097 Lucretio
1233 4039 1245 4070 v
1258 4019 1306 4076 ilos

272 4107 342 4180 ignis
354 4114 381 4166 et
390 4107 520 4166 flammat.
534 4127 546 4161 n
561 4109 594 4164 Et
608 4108 807 4170 lorsan‘eodem
827 4125 907 4167 seusu
918 4110 983 4168 Cato
998 4108 1024 4166 in
1034 4110 1091 4168 loco
1103 4125 1184 4184 supra
1198 4109 1306 4168 laudato
