2974 4746
723 464 911 558 -erſs

331 662 412 732 Nou
442 661 617 728 minorem
645 661 680 726 in
705 654 807 728 libris
828 655 986 744 Sallustii
1015 656 1135 730 locum
1162 664 1317 732 tenuisse

282 787 442 854 virorum
460 787 613 880 ingenia,
638 780 918 880 praeterlaudata
930 783 1004 878 jani
1024 783 1201 882 exempla,
1216 810 1317 882 argu·

250 890 252 894 ⁵
283 923 405 980 mento
428 921 512 979 sunt
533 922 564 977 et
584 931 664 1003 qnae
683 905 727 977 de
745 911 918 1004 Pompeio
945 921 979 978 et
1005 933 1086 1004 qum
1109 908 1154 980 (le
1174 909 1316 980 Mului-

153 1067 155 1071 ⁴
182 1087 184 1090 -
222 1023 224 1028 ’
282 1031 364 1104 date
378 1036 415 1102 in
429 1031 637 1124 fragmentis
650 1031 980 1126 leguntur.Hornm
1000 1037 1154 1128 priorem
1167 1033 1314 1129 quidem

280 1181 356 1254 quo
386 1153 636 1228 emoluerit
656 1169 879 1252 persecutus,
914 1155 987 1248 jam
1023 1179 1131 1252 supra
1161 1156 1311 1228 dictum.

281 1287 407 1354 Praeter
422 1293 542 1350 autem
570 1276 659 1348 illud
685 1277 863 1372 judicium
888 1303 964 1374 quo
988 1284 1117 1349 exarsit
1141 1285 1311 1368 Lenaeus,

281 1429 353 1475 nou
378 1429 463 1474 sane
484 1402 742 1474 benevolentiae
765 1397 872 1474 causa
896 1409 1028 1501 scripta
1053 1419 1154 1474 erent
1175 1405 1248 1476 liaec
1268 1405 1313 1476 tle

178 1599 181 1605 ,
278 1525 406 1600 eodem
424 1533 624 1624 Pompeio:
653 1557 666 1591 α
690 1525 758 1598 Set
777 1531 972 1624 Pompeius
998 1551 1018 1597 a
1040 1531 1153 1624 prium
1171 1527 1313 1599 adules-

282 1683 298 1717 α
327 1657 442 1723 centia
453 1676 618 1722 sermone
635 1649 818 1722 fautorum
844 1631 999 1721 similem
1016 1649 1146 1722 l'ore'se
1162 1652 1313 1724 credens

281 1807 297 1842 α
328 1773 529 1846 Alexandro
560 1780 648 1870 regi,
682 1773 775 1844 lacta
805 1775 1030 1870 consiliaque
1059 1776 1137 1871 ejus
1163 1774 1311 1872 quidem

282 1931 296 1968 a
326 1898 514 1970 aemulatus
530 1913 604 1969 erat
616 1897 681 1993 (ι).
702 1927 718 1962 »
734 1891 918 1986 Praeterea,
934 1901 972 1967 in
986 1897 1138 1994 epistola
1150 1899 1311 1994 ejusdem

276 2024 320 2094 ad
338 2035 502 2094 senatum
520 2023 586 2116 (a),
606 2045 817 2118 quanquam
834 2022 927 2118 ipsas
945 2025 1107 2120 Pompeii
1120 2028 1312 2094 sententias

278 2146 419 2218 videtur
438 2150 625 2218 retinuisse
647 2144 849 2233 SallustiuS,
866 2159 985 2216 tamen
1003 2148 1052 2216 ite
1074 2171 1128 2216 res
1148 2161 1182 2218 et
1205 2146 1312 2218 verba

275 2275 494 2370 composuit,
510 2285 549 2340 ut
563 2275 627 2338 viri
641 2267 753 2340 lastus
772 2251 804 2336 et
820 2267 991 2366 snperbia
1005 2268 1230 2342 manifestius
1247 2295 1310 2370 ap-

276 2410 454 2494 parerent.
483 2400 536 2465 De
564 2393 783 2464 Mithridatis
808 2417 892 2463 vero
918 2417 1059 2490 genere,
1085 2395 1307 2492 majoribus,

276 2517 448 2617 regnandi
474 2521 597 2602 initiis,
617 2516 780 2588 moribus
802 2530 836 2587 et
863 2521 1024 2612 ingenio,
1046 2519 1158 2590 multa
1177 2526 1307 2617 scripta

234 2677 236 2682 ·
275 2642 383 2715 luisse
397 2641 449 2737 (3)
466 2665 539 2712 uou
555 2645 687 2710 mirum
700 2655 765 2728 est,
781 2664 895 2736 quum
909 2639 969 2711 ille
984 2655 1056 2712 tam
1068 2641 1308 2715 formidabilis

274 2771 427 2837 Romani
444 2767 600 2835 nominis
615 2763 730 2834 hostis
746 2768 931 2856 exstiterit,
942 2768 1022 2836 etin
1032 2765 1220 2837 narrandis
1233 2771 1305 2836 Ro·

276 2915 467 2962 manorum
482 2913 565 2958 cum
589 2885 746 2958 barbaro
769 2911 850 2985 rege
864 2886 969 2958 bellis
985 2912 1113 2985 magua
1133 2906 1215 2988 pars
1229 2891 1304 2962 Sal-

280 3012 374 3083 lustii
390 3009 566 3082 librorum
583 3016 764 3082 versatum
783 3026 885 3081 esset.

473 3304 548 3352 Sinus
558 3303 613 3363 quis
625 3304 691 3351 esset
702 3302 815 3364 equoris.
828 3299 973 3352 Sallustium

474 3377 565 3434 Noram
576 3374 602 3424 id
615 3373 719 3432 dedisse,
732 3374 833 3424 dictaei
845 3375 898 3435 eJus
909 3375 1023 3426 omuibus

336 3509 337 3512 Ἴ
474 3449 643 3510 Praejutiieate
654 3449 807 3498 auctoritatis
818 3447 903 3498 dueier

411 3522 414 3528 '
474 3523 529 3583 Nou
540 3521 691 3572 annuebam.
701 3521 738 3570 Ad
752 3523 805 3582 ejns
817 3524 890 3582 igitur
901 3521 1012 3572 inolitam
1083 3581 1086 3586 ,

475 3597 677 3660 rescriptionem,
689 3608 738 3657 qua
749 3594 862 3646 locorum
877 3595 1009 3646 formulam

476 3669 660 3730 imaginemque
671 3680 800 3731 expressos
812 3669 899 3718 essieex
911 3669 959 3718 stili

474 3742 505 3790 Et
518 3743 628 3791 veritatis
637 3752 701 3803 pene
710 3741 735 3789 ln
747 3741 848 3792 obtutus
858 3741 925 3792 dedit

476 3817 570 3878 Lepore
579 3816 679 3878 lingue,
694 3815 772 3865 muita
782 3829 866 3866 rerum
878 3817 1007 3877 junximus

475 3889 512 3938 Ex
521 3889 687 3952 plurimorum
699 3893 800 3953 sumpte
810 3892 1004 3940 commentariis

310 3990 347 4054 (t)
366 3987 475 4056 Nonius,
489 3987 533 4056 lV,
548 3990 592 4042 43.

310 4075 345 4144 (2)
366 4075 493 4131 ΑηιιοἿΙ.
511 4075 593 4130 Kritz.
607 4075 654 4131 lib.
667 4077 711 4145 ΙΙΙ,
724 4076 761 4150 fr.
775 4078 800 4131 i.
814 4077 940 4144 Burnoul,
953 4076 1018 4131 iiuil.
1035 4077 1066 4130 lr.
1081 4082 1090 4131 i
1102 4083 1123 4131 1,

192 4185 194 4190 ·
274 4166 283 4229 ξ
299 4163 347 4234 Ι(3)
367 4160 449 4221 Kritz.
462 4163 507 4220 lib.
523 4164 554 4231 ΙΙ,
564 4163 599 4235 [ν.
612 4165 703 4220 tie-57.
714 4165 840 4234 nurnour,
856 4166 956 4222 incerta
968 4165 1063 4236 lingui.
