2974 4746
678 429 848 488 ..02-

250 583 329 683 drgr
331 611 441 674 essue,
462 585 682 658 lactionum
674 590 792 672 mitia,
810 611 1011 685 causasque
1025 601 1060 658 et
1072 587 1231 672 effectus
1243 605 1283 661 ut
1356 609 1358 612 ·

250 715 500 809 supramouui
508 717 694 810 ,repetiit,
715 727 750 784 et
764 737 895 810 quum,
913 737 975 810 per
985 711 1132 784 alteram
1150 714 1282 810 digres-

251 841 411 922 sionem,
451 835 695 908 Philaenorum
738 835 889 908 fratrum
931 837 1166 908 memorabile
1205 837 1284 910 lui·

252 985 322 1032 nus
340 961 588 1056 (narravit)
618 961 722 1056 cujus
743 961 844 1032 modi
866 967 1090 1032 narrationes
1108 967 1280 1036 Catonern

253 1084 410 1156 multum
423 1084 559 1178 juvisse
572 1084 751 1168 videntur,
762 1099 810 1172 et,
826 1097 953 1182 praeter
965 1083 1116 1158 Caedicii
1131 1084 1279 1172 factum,

251 1233 326 1278 uon
347 1207 454 1284 semel
472 1213 510 1277 in
530 1211 713 1303 Originum
732 1211 939 1304 fragmentis
956 1209 1231 1302 occurrunt(2l.
1268 1233 1270 1238 ·

301 1335 408 1404 Nunc
437 1354 522 1400 vero
561 1329 604 1400 ad
643 1335 821 1402 Historias
860 1330 1015 1402 Sallustii
1062 1331 1280 1422 accedimus,

253 1452 391 1550 quibus
425 1458 579 1524 maxime
605 1452 662 1523 ille
689 1459 837 1524 meritus
857 1469 931 1524 erat
961 1469 999 1525 ut
1030 1459 1123 1524 iuter
1147 1459 1283 1554 primos

253 1582 505 1648 Romanorum
536 1576 751 1662 historicos,
783 1575 835 1646 vel
867 1582 972 1648 etiam
1008 1603 1026 1668 a
1063 1577 1283 1672 quibusdam

254 1704 393 1797 primus
412 1706 576 1769 omnium
594 1697 648 1795 (3)
663 1698 853 1770 diceretur.
872 1703 960 1788 Quae
981 1704 1171 1788 Historiae,
1188 1701 1281 1772 duo·

253 1823 370 1898 ¹decim
390 1847 570 1894 annorum
592 1828 767 1919 spatium,
785 1847 804 1893 a
830 1821 932 1918 Syllae
957 1823 1185 1896 abdicatione
1205 1825 1283 1922 (79)

252 1945 296 2020 ad
321 1944 433 2044 legem
455 1945 700 2038 Gabiniamlb
691 1944 752 2041 7),
778 1970 850 2042 qua
871 1949 1044 2043 Pompeio
1064 1945 1283 2018 conficiendi

252 2069 339 2142 belli
359 2074 498 2167 piratici
514 2093 597 2138 cum
616 2067 931 2140 extrff'aordiuario
923 2093 1038 2166 imper
1042 2075 1075 2139 io
1095 2095 1182 2141 cura
1201 2068 1284 2140 data

252 2209 317 2279 est,
347 2197 511 2290 quinque
541 2190 640 2261 libris
668 2191 720 2287 (4)
753 2192 967 2289 complexae,
988 2197 1285 2291 gravissimasque
1340 2286 1347 2299 .

199 2390 203 2396 ,
255 2343 311 2390 res
325 2332 359 2388 et
382 2316 488 2386 uobis
508 2315 600 2385 male
620 2330 724 2386 notas
743 2320 980 2404 continentes,
995 2317 1131 2388 scilicet
1146 2319 1283 2389 bellum

254 2447 515 2526 Sertorianum,
540 2438 841 2529 Mithridaticum,
868 2447 1075 2538 piraticum,
1091 2443 1285 2538 civilesque

256 2565 498 2636 dissensiones
516 2587 536 2633 a
557 2563 683 2660 Lepidi
702 2564 818 2635 turbis
844 2589 961 2660 usque
986 2564 1029 2636 ad
1048 2568 1244 2636 restitutam
1264 2587 1284 2637 a

257 2695 430 2788 Pompeio
464 2689 696 2762 tribuniciam
730 2703 969 2790 potestatem,
1006 2688 1188 2784 hujusque
1218 2693 1283 2758 viri
1364 2780 1367 2784 ἢ

290 2930 328 2996 tl)
347 2929 411 3000 tuq.
426 2930 471 2983 79

287 3019 322 3082 (4)
342 3017 454 3084 Gellius,
477 3016 562 3081 XVll
582 3021 624 3087 la,
641 3017 799 3072 laudatum
812 3032 843 3073 er
857 3015 924 3072 libro
942 3014 1018 3088 0449
1040 3015 1078 3069 ll:
1088 3035 1100 3066 <r
1112 3017 1206 3086 Neque
1220 3015 1287 3071 satis

252 3105 346 3161 habuit
356 3105 426 3176 quod
440 3119 499 3160 eam
510 3106 536 3160 in
547 3059 700 3162 occultet
660 3123 686 3160 u
690 3107 804 3163 tiavera
808 3108 892 3176 ,quin
903 3105 960 3174 ejus
970 3105 1068 3160 lauram
1081 3104 1284 3174 prostitueret.»

252 3198 334 3254 Recte
345 3204 436 3253 monet
446 3198 584 3276 Wagener
593 3207 631 3270 (p.
645 3200 690 3270 39)
702 3199 759 3254 lraee
772 3213 824 3254 uon
841 3197 873 3252 ad
889 3196 1056 3262 Lucretiam,
1076 3196 1123 3251 sed
1145 3195 1178 3249 ad
1191 3209 1287 3249 causas

251 3287 388 3343 Gallorum
397 3287 527 3344 adventus
540 3289 568 3342 in
583 3289 687 3344 ltaliam
705 3294 837 3360 spectare.
851 3289 895 3356 (V.
907 3287 963 3352 llio,
977 3289 1094 3356 excerpt.
1105 3283 1226 3340 ambros.
1242 3281 1285 3338 ed.

251 3378 320 3448 Aug.
333 3377 394 3432 Mai.
408 3378 479 3446 Xlll,
495 3377 549 3449 44.)
564 3379 695 3432 -Etiam
704 3379 732 3433 in
742 3376 809 3432 libro
819 3375 854 3432 lll
864 3375 923 3430 haec
930 3379 1072 3430 occurrunt
1087 3392 1093 3427 z
1106 3393 1119 3424 4
1131 3373 1220 3443 Equos
1232 3386 1287 3426 res-

251 3465 344 3536 pondit
361 3484 367 3520 :
387 3481 465 3520 oreas
484 3465 549 3520 mihi
573 3465 650 3535 iude,
676 3466 723 3521 tibi
751 3481 818 3536 cape
844 3463 988 3534 flagellum.
1012 3487 1024 3511 4
1047 3462 1163 3534 (Festus,
1190 3461 1286 3526 04444).

251 3554 355 3624 Quibus
370 3553 460 3610 conler
473 3553 556 3610 Arist.
571 3553 648 3610 alet.
664 3555 697 3622 ll,
711 3557 756 3612 29.
770 3554 862 3608 Horat.
875 3551 954 3608 Serta
964 3594 968 3606 ‚
980 3552 1001 3621 l,
1018 3553 1062 3606 44.
1078 3551 1221 3606 Muellerus
1237 3549 1286 3617 (ad

249 3638 1286 3713 Festum)putatfabulamabAristotelenarratamtumCatoneminseruisse,

251 3745 337 3800 quum
350 3731 468 3785 Himerae
481 3729 555 3784 urbis
573 3729 689 3800 origines
703 3731 860 3786 illustraret.

287 3818 324 3890 (3)
344 3817 470 3874 llartialis
483 3819 568 3888 (XIV,
583 3821 644 3890 494)
661 3837 667 3872 :
682 3819 792 3890 Crispus
804 3819 921 3872 Romana
932 3818 1035 3888 primus
1048 3817 1074 3870 io
1086 3815 1204 3871 historia.

289 3911 324 3974 (4)
342 3907 459 3976 Quidam
480 3923 529 3962 sea
553 3907 644 3976 libros,
669 3908 723 3964 imo
743 3923 840 3962 novem
867 3912 894 3961 et
916 3905 1056 3960 duodecim
1080 3905 1162 3960 luisse
1183 3907 1287 3976 putant.

255 3999 344 4066 Quum
367 4004 456 4053 autem
477 3997 566 4053 nullus
582 4013 701 4069 uuquam
714 3986 800 4053 locum
820 3997 936 4068 aliquem
952 3996 1046 4051 alterat
1063 3994 1114 4050 nisi
1127 4011 1158 4050 ex
1171 3993 1289 4065 quinque

256 4084 359 4160 primis,
377 4101 428 4141 nou
439 4088 568 4158 majorem
583 4087 665 4144 luisse
679 4087 808 4144 librorum
818 4101 959 4143 numerum
973 4084 1136 4140 credendum
1149 4088 1198 4139 est.
