2974 4746
679 428 837 487 --uon
936 375 943 388 ⁵

246 587 329 654 tius
356 588 405 654 Ae
430 587 774 682 priunum-uterque,
797 607 910 678 quum
934 595 1079 678 propter
1095 579 1273 654 tributum

247 705 424 779 honorem
442 707 580 805 populo
601 713 730 802 gratias
747 712 832 804 agit,
850 731 934 776 suos
946 731 1076 792 mores,
1096 730 1158 803 per
1181 731 1275 802 quos

246 835 492 926 magistratum
518 853 703 928 accepere,
727 845 891 900 auctores
927 827 1065 902 sariunt
1096 853 1133 900 se
1168 829 1276 900 beue·

246 953 329 1028 ficio
360 953 488 1052 populi
514 951 644 1051 dignos
669 979 936 1052 permansuros.
964 959 1163 1037 uaedam,
1186 952 1274 1028 dum

246 1057 375 1152 censor
393 1092 480 1166 erat,
499 1082 534 1148 iu
552 1083 715 1148 oratione
730 1078 775 1148 cle
794 1084 916 1148 vestim
931 1094 966 1149 et
980 1077 1024 1150 cle
1040 1079 1203 1148 veterata·
1224 1078 1275 1173 (i)

246 1201 357 1274 dixit:
382 1233 397 1267 u
417 1206 511 1275 Nam·
534 1203 774 1299 perinjurium
792 1207 869 1291 siet,
888 1227 1002 1298 quum
1028 1200 1114 1273 milri
1140 1200 1189 1272 ob
1215 1227 1276 1273 eus

249 1355 266 1395 a
297 1351 425 1412 mores,
444 1350 536 1423 quos
552 1330 650 1423 prius
665 1323 793 1412 habui,
812 1326 930 1397 honos
947 1324 1069 1412 detur,
1090 1325 1153 1396 ubi
1172 1325 1278 1400 datus

250 1479 267 1514 u
297 1455 360 1537 sit,
377 1464 452 1519 turu
476 1453 529 1519 uti
545 1473 605 1518 eos
619 1463 755 1519 mutem
770 1463 878 1546 atque
889 1448 947 1521 alii
962 1448 1061 1521 ruodi
1075 1455 1154 1520 sim.
1170 1481 1185 1516 u
1205 1454 1278 1520 lla·

249 1578 322 1645 rius
338 1588 457 1644 auteur
474 1579 509 1643 iu
525 1573 692 1644 Sallustio
710 1601 717 1644 :
734 1606 748 1637 u
761 1578 851 1666 Qure
866 1591 949 1648 aute
964 1572 1141 1646 beneficia
1161 1589 1276 1646 vostra

252 1727 269 1762 u
297 1702 453 1793 gratuito
469 1695 659 1786 faciebam,
673 1721 713 1768 ea
725 1703 791 1788 uti,
811 1714 955 1796 accepta
972 1697 1154 1784 mercede,
1176 1697 1277 1770 dese·

252 1849 269 1886 a
299 1844 372 1890 ram
388 1847 396 1906 3
413 1846 486 1890 uou
505 1820 771 1910 estoonsilium‚
788 1826 958 1914 Quirites.
974 1851 990 1886 u
1007 1827 1278 1918 Uterquesuam

249 1942 527 2016 adolescentiam
543 1969 606 2042 per
620 1943 775 2030 labores,
789 1945 915 2041 procul
931 1969 950 2016 a
964 1945 1052 2015 luxu
1072 1959 1106 2015 ct
1125 1945 1277 2027 deliciis,

250 2081 365 2140 actam
379 2067 568 2164 praedicat:
587 2099 603 2133 α
621 2072 710 2164 Ego,
724 2074 773 2140 ait
787 2073 875 2140 Cato
891 2066 954 2166 (a),
967 2073 1042 2162 jam
1058 2094 1077 2139 a
1099 2075 1278 2168 principio

253 2220 271 2256 ι(
300 2196 337 2262 iu
350 2195 568 2288 parsimonia
582 2207 691 2287 atque
703 2197 740 2262 iu
757 2193 890 2264 duritia
901 2207 1009 2290 atque
1022 2192 1199 2266 industria
1209 2219 1281 2264 om-

253 2323 271 2382 ἀ
303 2339 383 2386 uem
396 2313 673 2388 adolescentiam
687 2338 801 2386 meam
818 2314 991 2405 abstinui,
1004 2341 1090 2414 agro
1109 2315 1279 2401 colendo,

256 2469 274 2506 a
302 2438 559 2526 saxisSabiuis,
581 2439 742 2510 silicibus
761 2441 1145 2538 repastinandisatque
1158 2465 1282 2511 couse-

257 2593 274 2628 a
304 2562 434 2634 rendis.
454 2593 470 2628 »
497 2569 655 2634 Rursum
676 2567 833 2635 Marius:
859 2594 876 2628 «
900 2571 953 2636 Ita
971 2563 1015 2636 ad
1038 2565 1107 2636 hoc
1129 2570 1240 2636 aetalis
1261 2590 1281 2636 a

257 2719 272 2753 u
303 2691 454 2786 pueritia
468 2685 520 2756 fui
533 2702 572 2756 ut
587 2711 712 2758 omues
728 2687 884 2774 labores,
920 2687 1081 2786 pericula
1109 2705 1282 2762 consueta

172 2897 173 2902 ἵ
259 2841 275 2875 u
304 2810 470 2883 habeam.
497 2841 513 2874 »
529 2815 689 2906 Uterque
703 2810 822 2882 cultus
842 2817 897 2883 sui
920 2811 1183 2910 simplicitatem
1200 2839 1283 2886 curu

256 2939 488 3006 inimicorum
520 2959 671 3006 suorum
695 2934 902 3033 suruptibus
925 2941 1140 3032 compouit;
1169 2952 1226 3022 et,
1257 2943 1284 3008 si

257 3083 332 3130 uou
359 3083 433 3128 rem
461 3058 571 3146 modo
596 3083 797 3146 summam,
821 3058 879 3128 sed
903 3058 1046 3155 singula
1063 3061 1282 3160 perpendas,

259 3182 397 3280 ubique
416 3180 622 3254 Sallustium
642 3182 685 3252 ad
707 3187 886 3253 Catonem
903 3187 1095 3280 respexisse
1118 3182 1283 3254 mauises·

259 3305 514 3379 uuuhalrebis.
540 3313 581 3376 Iu
604 3306 727 3378 eadem
746 3307 792 3376 de
805 3312 875 3376 suis
898 3307 1083 3377 virtutibus
1103 3312 1280 3394 oratioue,

261 3437 348 3502 Cato
359 3458 391 3500 :a
401 3435 524 3527 Neque
536 3430 623 3500 mihi
637 3429 876 3513 iuaedificatio‚
888 3455 1006 3528 neque
1017 3457 1153 3516 vasum,
1169 3457 1287 3528 ueque

263 3581 280 3616 «
310 3557 559 3623 vestimentum
587 3551 703 3622 ullum
722 3567 773 3623 est
791 3579 899 3624 uranu
920 3559 1136 3652 pretiosum,
1169 3579 1287 3651 ueque

239 3727 247 3740 ,ι
264 3705 281 3740 u
310 3681 487 3774 pretiosus
507 3701 641 3761 servus,
667 3700 785 3772 neque
808 3677 940 3748 ancilla
964 3692 1033 3766 est;
1049 3709 1064 3742 n
1076 3693 1110 3749 et
1127 3677 1169 3749 ad
1193 3677 1287 3749 idem

298 3994 335 4064 (t)
354 3994 515 4049 Priscianus.

299 4085 333 4152 (Ξ)
350 4081 424 4139 Orat.
441 4083 471 4138 do
489 4085 545 4140 suis
560 4083 707 4141 uirtutibus
720 4091 811 4140 contra
831 4085 980 4140 Tlreruuuu.
999 4085 1099 4143 Festus.
