2974 4746
677 399 895 504 ſsu-

300 605 366 672 rioe
380 615 487 672 sunt»
501 597 725 698 (xxvl1,9),
737 615 804 671 etc.
820 605 866 672 Ut
876 599 1084 671 Sallustius:
1100 629 1117 664 n
1128 595 1336 670 Multissibi

201 783 203 788 .
300 730 449 822 quisque
462 728 654 818 imperium
669 723 915 822 petentibus,›>
930 729 978 793 ita
988 727 1110 792 Livius
1125 749 1132 792 :
1149 753 1165 786 «
1180 725 1327 813 Omnes,

300 847 397 918 velut
411 847 480 920 diis
496 845 706 920 atretoribus
716 851 752 916 in
764 871 863 944 spem
878 824 979 918 suam
990 851 1138 942 quisque
1156 854 1329 944 acceptis,

298 971 461 1070 praelium
477 985 660 1070 poscunt»
676 971 789 1066 (XXI,
802 968 877 1064 45).
889 977 1009 1062 Quam
1024 977 1112 1040 mira
1124 985 1244 1042 autem
1257 971 1331 1042 haec

296 1100 502 1168 Ciceronis:
523 1094 799 1191 «exemplorum
821 1094 975 1190 eligendi
978 1110 1137 1191 potestus
1145 1123 1162 1158 2>
1182 1095 1243 1190 (cle
1256 1101 1326 1166 ιἠν.

294 1223 342 1307 II,
365 1224 420 1312 ης
450 1249 466 1284 «
489 1218 705 1315 ruiiquorum
717 1217 871 1288 siderum
886 1243 971 1314 quw
990 1241 1102 1288 causa
1128 1217 1333 1288 collocandi

283 1346 429 1433 fuerit»
446 1342 505 1438 (ile
527 1346 626 1426 univ,
644 1344 738 1439 9);a
760 1340 1038 1414 obliviscendum
1063 1340 1166 1411 vobis
1198 1347 1331 1438 putatis

295 1479 450 1535 matrum
467 1470 503 1534 in
520 1462 673 1553 liberos,
690 1470 851 1535 virorum
864 1471 899 1535 in
915 1487 1045 1535 uxores
1059 1467 1222 1535 scelera»
1246 1463 1329 1563 (pru

293 1592 440 1670 Sauum,
449 1588 594 1684 fragm.
616 1588 927 1684 13);«riumquum
939 1588 1204 1684 nobisquoque
1219 1595 1329 1685 augre·

294 1711 534 1782 dcendumsit»
550 1711 757 1806 (deSeuect.
771 1711 825 1806 2);
842 1717 1056 1783 «Isocratem
1067 1711 1330 1783 Platoadmira·

293 1831 856 1922 biliterluudun's'ucitaSocrater
868 1833 928 1927 (cle
939 1849 1013 1930 opt.
1022 1858 1106 1930 gen.
1120 1834 1188 1904 dic.
1198 1835 1248 1929 6),
1258 1849 1326 1906 etc.

342 1963 514 2050 Quamvis
534 1982 610 2028 uon
636 1981 751 2056 pauca
783 1963 965 2056 supersint
984 1957 1160 2055 exempla,
1189 1957 1326 2030 facien-

292 2081 362 2154 dus
374 2098 492 2154 tamen
513 2082 630 2178 lougae
651 2081 704 2152 illi
729 2089 930 2153 recensioni
956 2082 1051 2154 finis.
1078 2088 1130 2154 Ex
1150 2107 1190 2154 ea
1207 2098 1326 2154 antem

278 2207 373 2302 ¹jure
386 2204 627 2278 concludetur
644 2210 681 2276 in
702 2205 759 2276 his
778 2206 1043 2302 quaestionibus
1059 2231 1199 2278 summa
1224 2222 1324 2278 nten-

291 2328 381 2402 dum
401 2328 587 2414 modestia,
611 2353 677 2400 uec
691 2329 813 2418 verba,
838 2345 876 2402 ut
891 2335 940 2401 ait
957 2334 1161 2416 Petronius,
1185 2359 1202 2394 <t
1223 2344 1319 2401 atro·
1396 2371 1398 2376 ·

294 2458 392 2524 ciore
420 2452 503 2523 stilo
519 2450 724 2524 effodienda
745 2454 813 2550 (r),
833 2482 850 2520 u
874 2479 992 2551 neque
1006 2453 1175 2525 adversus
1189 2452 1325 2524 Sallus-

295 2582 384 2646 tium
398 2581 560 2648 censoria
582 2575 739 2671 quadam
755 2582 927 2672 gravitate
946 2576 1322 2663 animadvertendum,

294 2698 429 2772 nedum
448 2723 491 2770 ex
519 2698 588 2770 illis
616 2705 855 2795 grammaticae
876 2699 973 2797 apud
1002 2715 1137 2771 veteres
1164 2699 1323 2771 tenebris

294 2839 407 2897 certas
431 2822 605 2921 quasdam
634 2822 774 2920 regulas
787 2823 831 2895 ad
848 2823 967 2897 lucem
986 2825 1146 2922 proferre
1176 2839 1209 2896 et
1241 2849 1323 2922 pro·

294 2947 440 3020 fessoric
453 2953 672 3018 constituere
691 2947 807 3018 liceat.

343 3077 419 3143 Jam
431 3096 527 3159 veru,
546 3070 635 3168 quid
649 3075 687 3140 in
702 3075 744 3141 iis
758 3069 946 3141 Sallustius
959 3094 978 3140 a
989 3075 1123 3142 Catone
1137 3086 1323 3144 mutuatus

294 3202 352 3283 sit,
381 3201 547 3293 persequi
575 3193 664 3264 mihi
696 3217 772 3263 non
796 3197 979 3264 inanimo
1007 3208 1071 3264 est.
1103 3198 1322 3292 Quanquam

293 3322 390 3388 enim
407 3317 520 3389 multa
538 3340 647 3415 supra
666 3329 789 3386 notata
805 3313 884 3408 (uti,
897 3339 1010 3411 egere,
1022 3323 1146 3414 potiri,
1164 3319 1267 3413 etc),
1283 3321 1321 3386 in

293 3443 439 3513 Catonis
455 3439 663 3538 fragmentis
679 3443 926 3536 reperiuntur,
942 3464 1152 3536 quanquam
1176 3453 1321 3537 praeter-

294 3588 336 3636 ea
360 3570 506 3636 auxisse
532 3566 757 3634 intransitive
777 3577 930 3659 uterque
953 3563 1056 3651 dixit,
1074 3567 1255 3658 etiamque
1275 3568 1323 3632 vis

293 3673 495 3784 pluraliter,
512 3687 691 3782 incipitur,
708 3689 886 3780 nequitur,
909 3688 1095 3783 prosapia,
1125 3708 1235 3780 quam
1256 3707 1318 3754 vo-

294 3833 371 3880 cem
397 3833 419 3879 a
443 3807 611 3881 Sallustio
638 3812 675 3878 in
702 3812 867 3879 oratione
889 3813 991 3880 Marii
1017 3823 1225 3906 usurpatam
1264 3808 1321 3880 bis

300 4143 302 4150 ,
322 4099 357 4172 (t)
377 4099 437 4154 Sat.
452 4099 478 4154 l.
