2974 4746
704 501 739 518 ...
763 471 800 536 5z,
822 500 861 518 ...

267 629 417 704 ramex
437 631 543 702 variis
562 634 778 704 testimoniis
798 631 1078 742 fragmentisque
1106 645 1202 732 patet
1226 638 1292 708 Ca·

266 765 388 823 touem
404 755 440 824 in
462 759 578 852 primo
598 753 694 825 libro
709 758 803 856 ipsas
818 761 939 827 Romoe
954 760 1122 854 origines,
1138 762 1295 858 repetitis

265 875 524 974 Aboriginibus
548 892 582 948 et
602 865 847 976 Trojanis(t),
865 879 1094 980 explicuisse,
1113 896 1147 953 et
1162 881 1294 954 deinde

263 1003 424 1070 Pisarum
439 999 502 1097 (2),
518 1007 703 1074 Autemnae
718 1003 787 1099 (3),
804 1003 1020 1076 Sabinorum
1033 1006 1100 1102 (4),
1115 1025 1225 1106 prout
1240 1033 1295 1082 res
1365 1015 1366 1020 ’

163 1132 167 1140 ’
266 1127 447 1198 Romanas
470 1129 630 1196 narranti
645 1130 669 1195 ii
691 1127 817 1224 populi
837 1127 1018 1224 urbesque
1037 1129 1291 1219 occurrebant,

265 1271 341 1319 esse
367 1265 606 1349 persecutum.
630 1253 703 1320 Nec
727 1250 774 1320 ab
796 1249 858 1320 illa
883 1256 1021 1322 ratione
1045 1256 1081 1321 iu
1104 1258 1294 1350 postremis

266 1371 368 1443 libris
393 1374 535 1444 videtur
564 1370 781 1462 discessisse3
814 1397 897 1444 nam
928 1400 1000 1445 non
1034 1400 1147 1473 panca
1175 1383 1294 1474 quarti

264 1497 463 1594 fragmenta
491 1495 534 1566 ad
560 1497 908 1592 Carthaginiensium
938 1504 1134 1594 regionem,
1161 1513 1291 1588 mores,

264 1619 405 1690 civilem
436 1622 610 1689 rationem
648 1618 910 1716 militaremque
938 1618 1164 1718 disciplinam
1195 1647 1294 1720 spec·

265 1757 342 1813 tant
354 1740 421 1836 (5).
437 1747 477 1812 Iu
491 1745 620 1838 quinto
634 1757 768 1828 autem,
783 1766 898 1838 quum
909 1748 1143 1841 Hispanicum
1157 1744 1294 1817 bellum

265 1891 338 1938 ase
349 1881 487 1962 gestum
502 1869 656 1963 scriptor
667 1863 872 1962 explicaret,
890 1865 1066 1963 descripta
1082 1865 1199 1940 suerat
1212 1893 1294 1968 pars

263 2159 347 2216 luisse
359 2159 485 2222 affirmat,
499 2172 549 2214 nec
558 2157 585 2212 in
596 2157 635 2212 eis
649 2156 682 2212 de
694 2156 872 2212 Romanorum
893 2155 1001 2213 historia
1016 2162 1043 2212 et
1056 2155 1090 2212 da
1101 2155 1178 2212 bellis
1189 2155 1295 2212 Punicis

263 2250 351 2320 egisse
363 2250 500 2318 Catonem,
515 2247 563 2303 sed
570 2237 673 2302 tautum
687 2245 721 2301 de
732 2246 880 2318 originibus
892 2247 1011 2302 omnium
1021 2247 1127 2302 urbium
1140 2257 1168 2301 et
1176 2247 1295 2318 gentium

264 2354 326 2411 quae
338 2353 398 2393 cum
414 2335 513 2409 populo
522 2337 642 2392 Romano
654 2333 809 2391 bellumaut
821 2335 965 2404 amicitiam
978 2335 1143 2403 habuerunt;
1157 2336 1244 2405 itaut,
1256 2336 1295 2390 in-

263 2427 379 2484 ducendi
393 2432 498 2482 tantum
508 2425 637 2498 propositi
652 2421 695 2482 sui
708 2441 801 2497 causa,
814 2424 883 2480 bella
897 2425 1121 2480 commemorarit.
1139 2426 1227 2494 Quum
1242 2440 1295 2480 au·

263 2523 319 2574 tem
346 2516 390 2572 illa
410 2530 501 2570 rerum
528 2513 671 2586 explicatio
689 2529 750 2569 cum
772 2513 924 2570 testimonio
940 2512 1053 2568 Cornelii
1065 2513 1177 2586 Nepotis
1188 2514 1295 2570 omuino

264 2611 374 2676 pugnet,
388 2603 502 2657 multum
515 2601 618 2658 laborat
635 2603 768 2656 Burmann
785 2587 917 2656 ut'locum
932 2601 1008 2656 illum
1026 2601 1216 2672 gravissimum
1238 2618 1295 2659 suae

264 2687 784 2761 oausaearcommodet.Equidemfateor
797 2691 855 2761 ejus
866 2694 1021 2762 argumenta
1033 2689 1097 2745 mihi
1113 2687 1294 2748 infirmissima

265 2781 361 2850 videri,
374 2786 401 2836 et
412 2797 461 2852 per
471 2781 529 2852 ejus
540 2779 800 2852 interpretationem,
818 2795 861 2835 me
880 2778 980 2851 judice,
1010 2778 1093 2836 multo
1113 2778 1190 2851 plura
1212 2796 1294 2851 quam

264 2876 327 2926 aute
350 2871 377 2928 iu
399 2869 512 2926 Cornelii
529 2869 640 2942 Nepotis
659 2865 811 2924 testimonio
831 2867 912 2924 dubia
935 2867 1090 2940 incertaque
1113 2868 1192 2926 ellici.
1205 2870 1294 2940 Quare

264 2959 402 3030 Wageuer
410 2959 561 3030 opinionem
571 2957 659 3030 potius
672 2971 779 3027 sequar.

298 3050 338 3115 (t)
354 3047 464 3118 Dionys.
477 3045 563 3102 Helie.
577 3047 609 3102 Α.
621 3046 652 3100 tt.
670 3045 690 3114 l,
704 3047 747 3116 tt,
764 3047 808 3100 43.
822 3043 983 3113 Priscianus,
997 3046 1029 3112 V,
1043 3061 1071 3116 p.
1089 3049 1149 3115 668,
1163 3047 1209 3116 Vl,
1223 3049 1288 3114 6963

264 3133 376 3190 Servius
388 3133 422 3190 ad
436 3135 500 3190 AEu.
516 3134 537 3202 l,
551 3138 577 3199 6,
590 3134 639 3200 XI,
658 3135 719 3188 346.
1307 3191 1310 3197 ,

300 3223 338 3291 (2)
356 3221 432 3277 Serv.
448 3223 601 3296 ednAEn.X,
611 3220 846 3293 ‘liii-Catolorig.
856 3223 877 3288 1)
886 3221 932 3291 qui
944 3222 1019 3277 Pisas
1030 3222 1164 3278 tenuerint
1173 3230 1235 3278 unte
1248 3225 1291 3280 atl-

264 3318 375 3366 ventum
385 3312 556 3369 Etruscorum
568 3317 649 3383 negat
662 3310 713 3366 sibi
725 3316 900 3382 compertum,
915 3312 962 3367 sed
977 3311 1091 3368 inveniri
1105 3313 1291 3384 Tarchontem,

263 3400 402 3473 Tyrrheno
424 3401 583 3473 oriundum,
597 3405 738 3473 postquam
764 3415 857 3456 eorum
878 3399 996 3456 locurum
1013 3401 1161 3458 dominium
1181 3406 1292 3476 ceperit,

264 3491 339 3547 Pisas
361 3489 523 3559 condidisse,
550 3506 631 3562 quum
654 3494 715 3544 ante
733 3489 869 3560 regionem
881 3487 1015 3548 Teutanes
1030 3491 1140 3563 quidam
1157 3495 1281 3565 graecelo

264 3588 378 3652 quantes
390 3580 569 3652 possederint.

300 3671 337 3742 (3)
354 3671 482 3726 Priscvl
501 3672 565 3740 ,to

298 3763 334 3828 (l)
353 3761 463 3834 Dionys.
476 3761 509 3832 Il,
525 3762 568 3815 49.

298 3853 337 3924 (6)
355 3851 432 3908 Serv.
447 3851 482 3906 ad
494 3852 558 3906 AEn.
569 3849 615 3918 tv,
626 3850 689 3904 683.
701 3868 714 3900 u
725 3849 763 3905 De
773 3850 859 3906 tribus
869 3851 1056 3922 istispartibus
1066 3851 1175 3924 politiae,
1190 3852 1291 3925 populi,

263 3942 441 4014 optimatium,
457 3942 539 4012 regiae
552 3941 699 4012 potestatis
719 3939 869 3996 ordinatam
883 3942 967 3998 fuisse
984 3942 1193 4014 Carthaginem»
1211 3941 1290 4012 (cuni.

263 4031 318 4088 cta.
331 4032 365 4089 de
383 4034 449 4106 liep.
464 4033 497 4102 ll,
512 4035 567 4099 23).
577 4064 611 4073 —
625 4031 738 4104 Gellius,
755 4033 788 4102 V,
799 4035 851 4108 24.
867 4033 1076 4108 «Compluriens'
1090 4049 1183 4092 rorum
1197 4033 1295 4092 milites

262 4121 420 4180 mercenarii
430 4122 567 4180 interae...
582 4127 632 4180 eto.
649 4122 719 4193 (Vid.
734 4137 795 4196 pag.
811 4124 866 4196 33.)
