<?xml version="1.0" encoding="UTF-8"?>
<!DOCTYPE html PUBLIC "-//W3C//DTD XHTML 1.0 Transitional//EN"
    "http://www.w3.org/TR/xhtml1/DTD/xhtml1-transitional.dtd">
<html xmlns="http://www.w3.org/1999/xhtml" xml:lang="en" lang="en">
 <head>
  <title>
</title>
<meta http-equiv="Content-Type" content="text/html;charset=utf-8" />
  <meta name='ocr-system' content='tesseract 3.04.00' />
  <meta name='ocr-capabilities' content='ocr_page ocr_carea ocr_par ocr_line ocrx_word'/>
</head>
<body>
  <div class='ocr_page' id='page_1' title='image "./desallustiocato00deltgoog_0058.png"; bbox 0 0 2974 4746; ppageno 0'>
   <div class='ocr_carea' id='block_1_1' title="bbox 205 649 1230 741">
    <p class='ocr_par' dir='ltr' id='par_1_1' title="bbox 205 649 1230 741">
     <span class='ocr_line' id='line_1_1' title="bbox 205 649 1230 741; baseline 0 -27"><span class='ocrx_word' id='word_1_1' title='bbox 205 668 270 714; x_wconf 86' lang='lat' dir='ltr'>nee</span> <span class='ocrx_word' id='word_1_2' title='bbox 284 657 422 713; x_wconf 79' lang='lat' dir='ltr'>tarnum</span> <span class='ocrx_word' id='word_1_3' title='bbox 446 657 590 741; x_wconf 77' lang='lat' dir='ltr'>propter</span> <span class='ocrx_word' id='word_1_4' title='bbox 607 668 794 715; x_wconf 80' lang='lat' dir='ltr'>remmam</span> <span class='ocrx_word' id='word_1_5' title='bbox 812 660 882 714; x_wconf 86' lang='lat' dir='ltr'>tarn</span> <span class='ocrx_word' id='word_1_6' title='bbox 899 667 1017 714; x_wconf 83' lang='lat' dir='ltr'>severe</span> <span class='ocrx_word' id='word_1_7' title='bbox 1027 649 1230 734; x_wconf 81' lang='lat' dir='ltr'>exercitam,</span> 
     </span>
    </p>
   </div>
   <div class='ocr_carea' id='block_1_2' title="bbox 205 768 1231 989">
    <p class='ocr_par' dir='ltr' id='par_1_2' title="bbox 205 768 1231 989">
     <span class='ocr_line' id='line_1_2' title="bbox 205 768 1231 866; baseline -0.001 -25"><span class='ocrx_word' id='word_1_8' title='bbox 205 768 265 841; x_wconf 82' lang='lat' dir='ltr'>sed</span> <span class='ocrx_word' id='word_1_9' title='bbox 297 781 445 866; x_wconf 81' lang='lat' dir='ltr'>propter</span> <span class='ocrx_word' id='word_1_10' title='bbox 471 783 580 839; x_wconf 82' lang='lat' dir='ltr'>totam</span> <span class='ocrx_word' id='word_1_11' title='bbox 607 775 715 840; x_wconf 82' lang='lat' dir='ltr'>vitani</span> <span class='ocrx_word' id='word_1_12' title='bbox 738 775 885 840; x_wconf 87' lang='lat' dir='ltr'>meritus</span> <span class='ocrx_word' id='word_1_13' title='bbox 905 785 942 840; x_wconf 90' lang='lat' dir='ltr'>ut</span> <span class='ocrx_word' id='word_1_14' title='bbox 961 775 1153 843; x_wconf 79' lang='lat' dir='ltr'>Censorius</span> <span class='ocrx_word' id='word_1_15' title='bbox 1173 795 1231 841; x_wconf 84' lang='lat' dir='ltr'>co·</span> 
     </span>
     <span class='ocr_line' id='line_1_3' title="bbox 206 897 491 989; baseline -0.004 -27"><span class='ocrx_word' id='word_1_16' title='bbox 206 897 491 989; x_wconf 84' lang='lat' dir='ltr'>gnominaretur.</span> 
     </span>
    </p>
   </div>
   <div class='ocr_carea' id='block_1_3' title="bbox 255 1022 1233 1114">
    <p class='ocr_par' dir='ltr' id='par_1_3' title="bbox 255 1022 1233 1114">
     <span class='ocr_line' id='line_1_4' title="bbox 255 1022 1233 1114; baseline 0.004 -28"><span class='ocrx_word' id='word_1_17' title='bbox 255 1022 387 1112; x_wconf 85' lang='lat' dir='ltr'>lgitur,</span> <span class='ocrx_word' id='word_1_18' title='bbox 408 1023 472 1113; x_wconf 89' lang='lat' dir='ltr'>qui</span> <span class='ocrx_word' id='word_1_19' title='bbox 496 1023 777 1090; x_wconf 83' lang='lat' dir='ltr'>Catoniauarnm</span> <span class='ocrx_word' id='word_1_20' title='bbox 792 1023 999 1088; x_wconf 85' lang='lat' dir='ltr'>orationum</span> <span class='ocrx_word' id='word_1_21' title='bbox 1023 1033 1233 1114; x_wconf 84' lang='lat' dir='ltr'>argumenta</span> 
     </span>
    </p>
   </div>
   <div class='ocr_carea' id='block_1_4' title="bbox 207 1138 1270 2608">
    <p class='ocr_par' dir='ltr' id='par_1_4' title="bbox 207 1138 1270 2608">
     <span class='ocr_line' id='line_1_5' title="bbox 207 1138 1234 1239; baseline 0.004 -29"><span class='ocrx_word' id='word_1_22' title='bbox 207 1156 241 1210; x_wconf 78' lang='lat' dir='ltr'>et</span> <span class='ocrx_word' id='word_1_23' title='bbox 258 1138 455 1236; x_wconf 77' lang='lat' dir='ltr'>fragmenta</span> <span class='ocrx_word' id='word_1_24' title='bbox 475 1145 629 1239; x_wconf 74' lang='lat' dir='ltr'>inspicit,</span> <span class='ocrx_word' id='word_1_25' title='bbox 643 1147 816 1212; x_wconf 80' lang='lat' dir='ltr'>Catonern</span> <span class='ocrx_word' id='word_1_26' title='bbox 833 1141 969 1238; x_wconf 74' lang='lat' dir='ltr'>ultique</span> <span class='ocrx_word' id='word_1_27' title='bbox 982 1141 1106 1212; x_wconf 83' lang='lat' dir='ltr'>eadem</span> <span class='ocrx_word' id='word_1_28' title='bbox 1123 1147 1234 1214; x_wconf 87' lang='lat' dir='ltr'>insec-</span> 
     </span>
     <span class='ocr_line' id='line_1_6' title="bbox 209 1263 1231 1363; baseline 0.002 -30"><span class='ocrx_word' id='word_1_29' title='bbox 209 1269 273 1334; x_wconf 89' lang='lat' dir='ltr'>tari</span> <span class='ocrx_word' id='word_1_30' title='bbox 287 1287 328 1334; x_wconf 89' lang='lat' dir='ltr'>ac</span> <span class='ocrx_word' id='word_1_31' title='bbox 342 1279 468 1336; x_wconf 85' lang='lat' dir='ltr'>notare</span> <span class='ocrx_word' id='word_1_32' title='bbox 480 1264 731 1336; x_wconf 77' lang='lat' dir='ltr'>artirnadrertit</span> <span class='ocrx_word' id='word_1_33' title='bbox 744 1293 751 1334; x_wconf 96' lang='lat'>:</span> <span class='ocrx_word' id='word_1_34' title='bbox 763 1263 862 1335; x_wconf 88' lang='lat' dir='ltr'>domi</span> <span class='ocrx_word' id='word_1_35' title='bbox 876 1266 1023 1363; x_wconf 85' lang='lat' dir='ltr'>quidem</span> <span class='ocrx_word' id='word_1_36' title='bbox 1033 1265 1231 1353; x_wconf 76' lang='lat' dir='ltr'>luxuriam,</span> 
     </span>
     <span class='ocr_line' id='line_1_7' title="bbox 208 1387 1233 1486; baseline 0.005 -30"><span class='ocrx_word' id='word_1_37' title='bbox 208 1392 416 1460; x_wconf 69' lang='lat' dir='ltr'>viroruinac</span> <span class='ocrx_word' id='word_1_38' title='bbox 428 1387 641 1459; x_wconf 85' lang='lat' dir='ltr'>seminarum</span> <span class='ocrx_word' id='word_1_39' title='bbox 656 1404 835 1486; x_wconf 71' lang='lat' dir='ltr'>sumptim,</span> <span class='ocrx_word' id='word_1_40' title='bbox 849 1404 993 1477; x_wconf 84' lang='lat' dir='ltr'>restem,</span> <span class='ocrx_word' id='word_1_41' title='bbox 1008 1405 1233 1477; x_wconf 86' lang='lat' dir='ltr'>ornamenta,</span> 
     </span>
     <span class='ocr_line' id='line_1_8' title="bbox 208 1517 1270 1610; baseline 0.006 -30"><span class='ocrx_word' id='word_1_42' title='bbox 208 1517 455 1583; x_wconf 79' lang='lat' dir='ltr'>conviviorum</span> <span class='ocrx_word' id='word_1_43' title='bbox 473 1533 683 1610; x_wconf 58' lang='lat' dir='ltr'>apriarauun</span> <span class='ocrx_word' id='word_1_44' title='bbox 703 1537 969 1609; x_wconf 76' lang='lat' dir='ltr'>munerumque</span> <span class='ocrx_word' id='word_1_45' title='bbox 987 1519 1234 1600; x_wconf 85' lang='lat' dir='ltr'>convivarum,</span> <span class='ocrx_word' id='word_1_46' title='bbox 1259 1568 1270 1586; x_wconf 90' lang='lat'><strong>.</strong></span> 
     </span>
     <span class='ocr_line' id='line_1_9' title="bbox 209 1633 1237 1737; baseline 0.005 -31"><span class='ocrx_word' id='word_1_47' title='bbox 209 1633 360 1720; x_wconf 75' lang='lat' dir='ltr'>tabulae,</span> <span class='ocrx_word' id='word_1_48' title='bbox 390 1640 512 1733; x_wconf 84' lang='lat' dir='ltr'>signa,¹</span> <span class='ocrx_word' id='word_1_49' title='bbox 528 1636 661 1709; x_wconf 81' lang='lat' dir='ltr'>litteras</span> <span class='ocrx_word' id='word_1_50' title='bbox 683 1653 848 1736; x_wconf 82' lang='lat' dir='ltr'>artesque</span> <span class='ocrx_word' id='word_1_51' title='bbox 869 1663 1012 1735; x_wconf 70' lang='lat' dir='ltr'>graecas,</span> <span class='ocrx_word' id='word_1_52' title='bbox 1030 1654 1130 1737; x_wconf 86' lang='lat' dir='ltr'>aptas</span> <span class='ocrx_word' id='word_1_53' title='bbox 1152 1665 1237 1712; x_wconf 79' lang='lat' dir='ltr'>saue</span> 
     </span>
     <span class='ocr_line' id='line_1_10' title="bbox 208 1758 1235 1859; baseline 0.006 -30"><span class='ocrx_word' id='word_1_54' title='bbox 208 1758 251 1830; x_wconf 88' lang='lat' dir='ltr'>ad</span> <span class='ocrx_word' id='word_1_55' title='bbox 281 1760 518 1831; x_wconf 82' lang='lat' dir='ltr'>excolendum</span> <span class='ocrx_word' id='word_1_56' title='bbox 545 1761 857 1859; x_wconf 75' lang='lat' dir='ltr'>uritigandnrnque</span> <span class='ocrx_word' id='word_1_57' title='bbox 878 1761 995 1834; x_wconf 86' lang='lat' dir='ltr'>serum</span> <span class='ocrx_word' id='word_1_58' title='bbox 1024 1763 1117 1834; x_wconf 91' lang='lat' dir='ltr'>illud</span> <span class='ocrx_word' id='word_1_59' title='bbox 1144 1771 1235 1835; x_wconf 87' lang='lat' dir='ltr'>etin</span> 
     </span>
     <span class='ocr_line' id='line_1_11' title="bbox 209 1884 1237 1984; baseline 0.005 -30"><span class='ocrx_word' id='word_1_60' title='bbox 209 1888 378 1980; x_wconf 87' lang='lat' dir='ltr'>pessimas</span> <span class='ocrx_word' id='word_1_61' title='bbox 402 1884 603 1982; x_wconf 86' lang='lat' dir='ltr'>voluptates</span> <span class='ocrx_word' id='word_1_62' title='bbox 628 1901 836 1984; x_wconf 80' lang='lat' dir='ltr'>proruptum</span> <span class='ocrx_word' id='word_1_63' title='bbox 859 1892 1107 1959; x_wconf 82' lang='lat' dir='ltr'>Rornanorum</span> <span class='ocrx_word' id='word_1_64' title='bbox 1138 1893 1237 1984; x_wconf 86' lang='lat' dir='ltr'>iuge-</span> 
     </span>
     <span class='ocr_line' id='line_1_12' title="bbox 210 2006 1238 2108; baseline 0.007 -32"><span class='ocrx_word' id='word_1_65' title='bbox 210 2012 324 2096; x_wconf 84' lang='lat' dir='ltr'>niurn,</span> <span class='ocrx_word' id='word_1_66' title='bbox 343 2006 630 2105; x_wconf 77' lang='lat' dir='ltr'>cupiditatesque</span> <span class='ocrx_word' id='word_1_67' title='bbox 644 2008 763 2080; x_wconf 85' lang='lat' dir='ltr'>subita</span> <span class='ocrx_word' id='word_1_68' title='bbox 781 2034 1034 2108; x_wconf 74' lang='lat' dir='ltr'>prosperarum</span> <span class='ocrx_word' id='word_1_69' title='bbox 1047 2035 1166 2082; x_wconf 88' lang='lat' dir='ltr'>rerum</span> <span class='ocrx_word' id='word_1_70' title='bbox 1180 2035 1238 2082; x_wconf 92' lang='lat' dir='ltr'>oc·</span> 
     </span>
     <span class='ocr_line' id='line_1_13' title="bbox 208 2131 1237 2232; baseline 0.002 -29"><span class='ocrx_word' id='word_1_71' title='bbox 208 2144 353 2204; x_wconf 81' lang='lat' dir='ltr'>rasione</span> <span class='ocrx_word' id='word_1_72' title='bbox 376 2131 531 2204; x_wconf 85' lang='lat' dir='ltr'>ferocius</span> <span class='ocrx_word' id='word_1_73' title='bbox 555 2149 797 2232; x_wconf 76' lang='lat' dir='ltr'>erumpentes,</span> <span class='ocrx_word' id='word_1_74' title='bbox 813 2139 850 2204; x_wconf 90' lang='lat' dir='ltr'>in</span> <span class='ocrx_word' id='word_1_75' title='bbox 873 2133 1001 2205; x_wconf 86' lang='lat' dir='ltr'>melius</span> <span class='ocrx_word' id='word_1_76' title='bbox 1025 2149 1237 2208; x_wconf 78' lang='lat' dir='ltr'>converten-</span> 
     </span>
     <span class='ocr_line' id='line_1_14' title="bbox 210 2255 1238 2357; baseline 0.006 -32"><span class='ocrx_word' id='word_1_77' title='bbox 210 2255 290 2339; x_wconf 77' lang='lat' dir='ltr'>dae,</span> <span class='ocrx_word' id='word_1_78' title='bbox 310 2255 369 2326; x_wconf 77' lang='lat' dir='ltr'>stul</span> <span class='ocrx_word' id='word_1_79' title='bbox 388 2262 529 2344; x_wconf 87' lang='lat' dir='ltr'>Catoni,</span> <span class='ocrx_word' id='word_1_80' title='bbox 547 2273 586 2328; x_wconf 88' lang='lat' dir='ltr'>ut</span> <span class='ocrx_word' id='word_1_81' title='bbox 601 2256 750 2328; x_wconf 84' lang='lat' dir='ltr'>luxuriae</span> <span class='ocrx_word' id='word_1_82' title='bbox 767 2258 941 2357; x_wconf 81' lang='lat' dir='ltr'>pabulum</span> <span class='ocrx_word' id='word_1_83' title='bbox 957 2264 1238 2331; x_wconf 87' lang='lat' dir='ltr'>irritamentum·</span> 
     </span>
     <span class='ocr_line' id='line_1_15' title="bbox 209 2377 1239 2481; baseline 0.002 -31"><span class='ocrx_word' id='word_1_84' title='bbox 209 2405 293 2476; x_wconf 88' lang='lat' dir='ltr'>qne,</span> <span class='ocrx_word' id='word_1_85' title='bbox 318 2405 459 2477; x_wconf 79' lang='lat' dir='ltr'>semper</span> <span class='ocrx_word' id='word_1_86' title='bbox 482 2397 683 2479; x_wconf 54' lang='lat' dir='ltr'>suspectam</span> <span class='ocrx_word' id='word_1_87' title='bbox 709 2397 878 2480; x_wconf 58' lang='lat' dir='ltr'>praeterea</span> <span class='ocrx_word' id='word_1_88' title='bbox 897 2377 1155 2464; x_wconf 69' lang='lat' dir='ltr'>ambitionem,</span> <span class='ocrx_word' id='word_1_89' title='bbox 1175 2407 1239 2481; x_wconf 88' lang='lat' dir='ltr'>per</span> 
     </span>
     <span class='ocr_line' id='line_1_16' title="bbox 212 2493 1236 2608; baseline 0.003 -35"><span class='ocrx_word' id='word_1_90' title='bbox 212 2505 416 2601; x_wconf 76' lang='lat' dir='ltr'>largitiones</span> <span class='ocrx_word' id='word_1_91' title='bbox 442 2493 572 2602; x_wconf 65' lang='lat' dir='ltr'>supine</span> <span class='ocrx_word' id='word_1_92' title='bbox 592 2523 824 2602; x_wconf 75' lang='lat' dir='ltr'><strong>grassantem,</strong></span> <span class='ocrx_word' id='word_1_93' title='bbox 855 2506 1110 2603; x_wconf 82' lang='lat' dir='ltr'>nobiliumque</span> <span class='ocrx_word' id='word_1_94' title='bbox 1135 2532 1236 2608; x_wconf 85' lang='lat' dir='ltr'>opes,</span> 
     </span>
    </p>
   </div>
   <div class='ocr_carea' id='block_1_5' title="bbox 211 2628 1350 2727">
    <p class='ocr_par' dir='ltr' id='par_1_5' title="bbox 211 2628 1350 2727">
     <span class='ocr_line' id='line_1_17' title="bbox 211 2628 1350 2727; baseline 0.003 -30"><span class='ocrx_word' id='word_1_95' title='bbox 211 2635 289 2725; x_wconf 90' lang='lat' dir='ltr'>qui,</span> <span class='ocrx_word' id='word_1_96' title='bbox 306 2644 426 2727; x_wconf 85' lang='lat' dir='ltr'>erepta</span> <span class='ocrx_word' id='word_1_97' title='bbox 438 2629 510 2723; x_wconf 87' lang='lat' dir='ltr'>jam</span> <span class='ocrx_word' id='word_1_98' title='bbox 526 2628 622 2726; x_wconf 85' lang='lat' dir='ltr'>plebi</span> <span class='ocrx_word' id='word_1_99' title='bbox 638 2634 784 2700; x_wconf 88' lang='lat' dir='ltr'>victoria</span> <span class='ocrx_word' id='word_1_100' title='bbox 801 2653 910 2725; x_wconf 85' lang='lat' dir='ltr'>quam</span> <span class='ocrx_word' id='word_1_101' title='bbox 929 2653 991 2726; x_wconf 81' lang='lat' dir='ltr'>per</span> <span class='ocrx_word' id='word_1_102' title='bbox 1009 2644 1080 2700; x_wconf 83' lang='lat' dir='ltr'>taur</span> <span class='ocrx_word' id='word_1_103' title='bbox 1096 2628 1239 2700; x_wconf 86' lang='lat' dir='ltr'>‹liumr-</span> <span class='ocrx_word' id='word_1_104' title='bbox 1340 2640 1350 2658; x_wconf 84' lang='lat'><strong><em>‘</em></strong></span> 
     </span>
    </p>
   </div>
   <div class='ocr_carea' id='block_1_6' title="bbox 210 2749 1328 4212">
    <p class='ocr_par' dir='ltr' id='par_1_6' title="bbox 210 2749 1328 4212">
     <span class='ocr_line' id='line_1_18' title="bbox 211 2749 1238 2848; baseline 0.002 -27"><span class='ocrx_word' id='word_1_105' title='bbox 211 2775 300 2822; x_wconf 83' lang='lat' dir='ltr'>nunt</span> <span class='ocrx_word' id='word_1_106' title='bbox 315 2767 494 2822; x_wconf 85' lang='lat' dir='ltr'>certamen</span> <span class='ocrx_word' id='word_1_107' title='bbox 511 2750 556 2821; x_wconf 88' lang='lat' dir='ltr'>de</span> <span class='ocrx_word' id='word_1_108' title='bbox 570 2755 725 2848; x_wconf 81' lang='lat' dir='ltr'>patriciis</span> <span class='ocrx_word' id='word_1_109' title='bbox 735 2750 796 2820; x_wconf 87' lang='lat' dir='ltr'>illa</span> <span class='ocrx_word' id='word_1_110' title='bbox 810 2749 992 2838; x_wconf 79' lang='lat' dir='ltr'>retulerat,</span> <span class='ocrx_word' id='word_1_111' title='bbox 1007 2751 1238 2823; x_wconf 86' lang='lat' dir='ltr'>consulatum</span> 
     </span>
     <span class='ocr_line' id='line_1_19' title="bbox 211 2879 1328 2973; baseline -0.001 -27"><span class='ocrx_word' id='word_1_112' title='bbox 211 2881 485 2973; x_wconf 86' lang='lat' dir='ltr'>praecipuosqne</span> <span class='ocrx_word' id='word_1_113' title='bbox 513 2881 740 2970; x_wconf 72' lang='lat' dir='ltr'>magistratus</span> <span class='ocrx_word' id='word_1_114' title='bbox 767 2880 861 2944; x_wconf 89' lang='lat' dir='ltr'>iuter</span> <span class='ocrx_word' id='word_1_115' title='bbox 888 2879 1055 2970; x_wconf 83' lang='lat' dir='ltr'>exiguum</span> <span class='ocrx_word' id='word_1_116' title='bbox 1088 2897 1238 2946; x_wconf 88' lang='lat' dir='ltr'>suorum</span> <span class='ocrx_word' id='word_1_117' title='bbox 1326 2888 1328 2894; x_wconf 86' lang='lat'>&#39;</span> 
     </span>
     <span class='ocr_line' id='line_1_20' title="bbox 211 2996 1238 3084; baseline -0.003 -11"><span class='ocrx_word' id='word_1_118' title='bbox 211 3024 404 3073; x_wconf 87' lang='lat' dir='ltr'>numerum</span> <span class='ocrx_word' id='word_1_119' title='bbox 425 2996 787 3084; x_wconf 76' lang='lat' dir='ltr'>includebant3s01·is</span> <span class='ocrx_word' id='word_1_120' title='bbox 806 3012 925 3069; x_wconf 86' lang='lat' dir='ltr'>antem</span> <span class='ocrx_word' id='word_1_121' title='bbox 943 3004 1136 3070; x_wconf 87' lang='lat' dir='ltr'>immanem</span> <span class='ocrx_word' id='word_1_122' title='bbox 1156 3023 1238 3070; x_wconf 87' lang='lat' dir='ltr'>ava·</span> 
     </span>
     <span class='ocr_line' id='line_1_21' title="bbox 210 3122 1240 3222; baseline -0.001 -27"><span class='ocrx_word' id='word_1_123' title='bbox 210 3131 344 3207; x_wconf 73' lang='lat' dir='ltr'>titiam,</span> <span class='ocrx_word' id='word_1_124' title='bbox 354 3122 559 3194; x_wconf 84' lang='lat' dir='ltr'>fraudatum</span> <span class='ocrx_word' id='word_1_125' title='bbox 571 3122 690 3221; x_wconf 81' lang='lat' dir='ltr'>praeda</span> <span class='ocrx_word' id='word_1_126' title='bbox 703 3129 958 3222; x_wconf 86' lang='lat' dir='ltr'>pecuniaquea</span> <span class='ocrx_word' id='word_1_127' title='bbox 974 3122 1240 3220; x_wconf 76' lang='lat' dir='ltr'>magistratibus</span> 
     </span>
     <span class='ocr_line' id='line_1_22' title="bbox 212 3241 1263 3348; baseline -0.003 -27"><span class='ocrx_word' id='word_1_128' title='bbox 212 3265 245 3321; x_wconf 83' lang='lat' dir='ltr'>et</span> <span class='ocrx_word' id='word_1_129' title='bbox 266 3247 469 3348; x_wconf 85' lang='lat' dir='ltr'>publicanis</span> <span class='ocrx_word' id='word_1_130' title='bbox 484 3253 664 3334; x_wconf 83' lang='lat' dir='ltr'>aerarinui,</span> <span class='ocrx_word' id='word_1_131' title='bbox 676 3247 836 3347; x_wconf 85' lang='lat' dir='ltr'>direptos</span> <span class='ocrx_word' id='word_1_132' title='bbox 849 3241 1163 3347; x_wconf 84' lang='lat' dir='ltr'>impudentissime</span> <span class='ocrx_word' id='word_1_133' title='bbox 1182 3275 1240 3318; x_wconf 84' lang='lat' dir='ltr'>so·</span> <span class='ocrx_word' id='word_1_134' title='bbox 1259 3320 1263 3328; x_wconf 68' lang='grc'>,</span> 
     </span>
     <span class='ocr_line' id='line_1_23' title="bbox 211 3371 1242 3471; baseline -0.001 -27"><span class='ocrx_word' id='word_1_135' title='bbox 211 3375 306 3461; x_wconf 72' lang='lat' dir='ltr'>eios&#39;,</span> <span class='ocrx_word' id='word_1_136' title='bbox 331 3372 551 3468; x_wconf 86' lang='lat' dir='ltr'>eosdemque</span> <span class='ocrx_word' id='word_1_137' title='bbox 576 3372 765 3471; x_wconf 72' lang='lat' dir='ltr'>superbire,</span> <span class='ocrx_word' id='word_1_138' title='bbox 797 3371 961 3458; x_wconf 85' lang='lat' dir='ltr'>libidini,</span> <span class='ocrx_word' id='word_1_139' title='bbox 985 3377 1123 3442; x_wconf 70' lang='lat' dir='ltr'>saevitia:</span> <span class='ocrx_word' id='word_1_140' title='bbox 1156 3399 1242 3471; x_wconf 81' lang='lat' dir='ltr'>prae·</span> 
     </span>
     <span class='ocr_line' id='line_1_24' title="bbox 212 3496 1241 3569; baseline -0.003 0"><span class='ocrx_word' id='word_1_141' title='bbox 212 3513 332 3569; x_wconf 85' lang='lat' dir='ltr'>torum</span> <span class='ocrx_word' id='word_1_142' title='bbox 356 3496 548 3567; x_wconf 69' lang='lat' dir='ltr'>obnoxior.</span> <span class='ocrx_word' id='word_1_143' title='bbox 572 3496 723 3568; x_wconf 88' lang='lat' dir='ltr'>Illorum</span> <span class='ocrx_word' id='word_1_144' title='bbox 745 3496 923 3568; x_wconf 88' lang='lat' dir='ltr'>malorum</span> <span class='ocrx_word' id='word_1_145' title='bbox 938 3501 1025 3568; x_wconf 86' lang='lat' dir='ltr'>Cato</span> <span class='ocrx_word' id='word_1_146' title='bbox 1045 3521 1127 3566; x_wconf 87' lang='lat' dir='ltr'>acer</span> <span class='ocrx_word' id='word_1_147' title='bbox 1139 3511 1173 3566; x_wconf 87' lang='lat' dir='ltr'>et</span> <span class='ocrx_word' id='word_1_148' title='bbox 1189 3503 1241 3567; x_wconf 90' lang='lat' dir='ltr'>in·</span> 
     </span>
     <span class='ocr_line' id='line_1_25' title="bbox 212 3620 1242 3720; baseline -0.003 -28"><span class='ocrx_word' id='word_1_149' title='bbox 212 3621 371 3693; x_wconf 90' lang='lat' dir='ltr'>delessus</span> <span class='ocrx_word' id='word_1_150' title='bbox 386 3634 572 3692; x_wconf 85' lang='lat' dir='ltr'>accusator</span> <span class='ocrx_word' id='word_1_151' title='bbox 584 3635 634 3690; x_wconf 88' lang='lat' dir='ltr'>est</span> <span class='ocrx_word' id='word_1_152' title='bbox 649 3647 657 3709; x_wconf 93' lang='lat'>;</span> <span class='ocrx_word' id='word_1_153' title='bbox 675 3640 801 3692; x_wconf 87' lang='lat' dir='ltr'>eornm</span> <span class='ocrx_word' id='word_1_154' title='bbox 819 3620 979 3720; x_wconf 85' lang='lat' dir='ltr'>exempla</span> <span class='ocrx_word' id='word_1_155' title='bbox 1002 3635 1242 3715; x_wconf 82' lang='lat' dir='ltr'>auctoresque</span> 
     </span>
     <span class='ocr_line' id='line_1_26' title="bbox 212 3743 1242 3845; baseline -0.004 -29"><span class='ocrx_word' id='word_1_156' title='bbox 212 3753 248 3817; x_wconf 92' lang='lat' dir='ltr'>iu</span> <span class='ocrx_word' id='word_1_157' title='bbox 270 3745 446 3845; x_wconf 81' lang='lat' dir='ltr'>populum</span> <span class='ocrx_word' id='word_1_158' title='bbox 470 3743 627 3842; x_wconf 80' lang='lat' dir='ltr'>prolert3</span> <span class='ocrx_word' id='word_1_159' title='bbox 650 3743 733 3816; x_wconf 85' lang='lat' dir='ltr'>ideo</span> <span class='ocrx_word' id='word_1_160' title='bbox 749 3760 803 3817; x_wconf 88' lang='lat' dir='ltr'>tot</span> <span class='ocrx_word' id='word_1_161' title='bbox 818 3749 913 3816; x_wconf 85' lang='lat' dir='ltr'>viros</span> <span class='ocrx_word' id='word_1_162' title='bbox 927 3750 1075 3814; x_wconf 78' lang='lat' dir='ltr'>sunmiis</span> <span class='ocrx_word' id='word_1_163' title='bbox 1090 3744 1242 3818; x_wconf 81' lang='lat' dir='ltr'>lionori-</span> 
     </span>
     <span class='ocr_line' id='line_1_27' title="bbox 212 3867 1240 3960; baseline -0.002 -20"><span class='ocrx_word' id='word_1_164' title='bbox 212 3867 283 3940; x_wconf 87' lang='lat' dir='ltr'>bus</span> <span class='ocrx_word' id='word_1_165' title='bbox 302 3867 446 3940; x_wconf 79' lang='lat' dir='ltr'>functos</span> <span class='ocrx_word' id='word_1_166' title='bbox 465 3873 665 3955; x_wconf 84' lang='lat' dir='ltr'>accusavit,</span> <span class='ocrx_word' id='word_1_167' title='bbox 683 3872 729 3960; x_wconf 90' lang='lat' dir='ltr'>Q.</span> <span class='ocrx_word' id='word_1_168' title='bbox 753 3867 949 3939; x_wconf 85' lang='lat' dir='ltr'>Thermum</span> <span class='ocrx_word' id='word_1_169' title='bbox 965 3923 974 3954; x_wconf 88' lang='lat'>,</span> <span class='ocrx_word' id='word_1_170' title='bbox 995 3873 1032 3938; x_wconf 87' lang='lat' dir='ltr'>L.</span> <span class='ocrx_word' id='word_1_171' title='bbox 1050 3871 1240 3956; x_wconf 88' lang='lat' dir='ltr'>Quintium</span> 
     </span>
     <span class='ocr_line' id='line_1_28' title="bbox 214 3989 1239 4077; baseline -0.003 -14"><span class='ocrx_word' id='word_1_172' title='bbox 214 3993 476 4076; x_wconf 86' lang='lat' dir='ltr'>Flamininum,</span> <span class='ocrx_word' id='word_1_173' title='bbox 507 3997 603 4064; x_wconf 87' lang='lat' dir='ltr'>Serv.</span> <span class='ocrx_word' id='word_1_174' title='bbox 636 3990 807 4077; x_wconf 85' lang='lat' dir='ltr'>Galbam,</span> <span class='ocrx_word' id='word_1_175' title='bbox 833 3996 871 4062; x_wconf 89' lang='lat' dir='ltr'>P.</span> <span class='ocrx_word' id='word_1_176' title='bbox 903 3997 1050 4062; x_wconf 89' lang='lat' dir='ltr'>Furium</span> <span class='ocrx_word' id='word_1_177' title='bbox 1081 3989 1239 4077; x_wconf 85' lang='lat' dir='ltr'>Philum,</span> 
     </span>
     <span class='ocr_line' id='line_1_29' title="bbox 214 4113 1242 4212; baseline -0.004 -24"><span class='ocrx_word' id='word_1_178' title='bbox 214 4115 277 4189; x_wconf 86' lang='grc' dir='ltr'>Μ’.</span> <span class='ocrx_word' id='word_1_179' title='bbox 304 4114 475 4204; x_wconf 82' lang='lat' dir='ltr'>Acilium,</span> <span class='ocrx_word' id='word_1_180' title='bbox 490 4119 539 4186; x_wconf 84' lang='lat' dir='ltr'>llll.</span> <span class='ocrx_word' id='word_1_181' title='bbox 570 4115 736 4186; x_wconf 84' lang='lat' dir='ltr'>Fulvium</span> <span class='ocrx_word' id='word_1_182' title='bbox 765 4113 1004 4208; x_wconf 87' lang='lat' dir='ltr'>Nobiliorem,</span> <span class='ocrx_word' id='word_1_183' title='bbox 1035 4128 1080 4202; x_wconf 86' lang='lat' dir='ltr'>et,</span> <span class='ocrx_word' id='word_1_184' title='bbox 1117 4127 1242 4212; x_wconf 83' lang='lat' dir='ltr'>praeter</span> 
     </span>
    </p>
   </div>
   <div class='ocr_carea' id='block_1_7' title="bbox 0 0 1502 4746">
    <p class='ocr_par' dir='ltr' id='par_1_7' title="bbox 0 0 1502 4746">
     <span class='ocr_line' id='line_1_30' title="bbox 0 0 1502 4746; baseline 0 0"><span class='ocrx_word' id='word_1_185' title='bbox 0 0 1502 4746; x_wconf 95' lang='lat' dir='ltr'> </span> 
     </span>
    </p>
   </div>
  </div>
 </body>
</html>
