<?xml version="1.0" encoding="UTF-8"?>
<!DOCTYPE html PUBLIC "-//W3C//DTD XHTML 1.0 Transitional//EN"
    "http://www.w3.org/TR/xhtml1/DTD/xhtml1-transitional.dtd">
<html xmlns="http://www.w3.org/1999/xhtml" xml:lang="en" lang="en">
 <head>
  <title>
</title>
<meta http-equiv="Content-Type" content="text/html;charset=utf-8" />
  <meta name='ocr-system' content='tesseract 3.04.00' />
  <meta name='ocr-capabilities' content='ocr_page ocr_carea ocr_par ocr_line ocrx_word'/>
</head>
<body>
  <div class='ocr_page' id='page_1' title='image "./desallustiocato00deltgoog_0062.png"; bbox 0 0 2974 4746; ppageno 0'>
   <div class='ocr_carea' id='block_1_1' title="bbox 626 459 785 520">
    <p class='ocr_par' dir='ltr' id='par_1_1' title="bbox 626 459 785 520">
     <span class='ocr_line' id='line_1_1' title="bbox 626 459 785 520; baseline -0.013 -18"><span class='ocrx_word' id='word_1_1' title='bbox 626 459 785 520; x_wconf 44' lang='lat'>49..</span> 
     </span>
    </p>
   </div>
   <div class='ocr_carea' id='block_1_2' title="bbox 138 613 1228 2316">
    <p class='ocr_par' dir='ltr' id='par_1_2' title="bbox 138 613 1228 2316">
     <span class='ocr_line' id='line_1_2' title="bbox 195 613 1220 716; baseline 0.001 -29"><span class='ocrx_word' id='word_1_2' title='bbox 195 613 341 701; x_wconf 74' lang='lat' dir='ltr'>caedem,</span> <span class='ocrx_word' id='word_1_3' title='bbox 362 637 443 710; x_wconf 84' lang='lat' dir='ltr'>quae</span> <span class='ocrx_word' id='word_1_4' title='bbox 457 627 574 686; x_wconf 88' lang='lat' dir='ltr'>secuta</span> <span class='ocrx_word' id='word_1_5' title='bbox 591 628 656 702; x_wconf 87' lang='lat' dir='ltr'>est,</span> <span class='ocrx_word' id='word_1_6' title='bbox 673 613 768 712; x_wconf 92' lang='lat' dir='ltr'>plebi</span> <span class='ocrx_word' id='word_1_7' title='bbox 784 617 902 706; x_wconf 87' lang='lat' dir='ltr'>invisi,</span> <span class='ocrx_word' id='word_1_8' title='bbox 920 629 954 686; x_wconf 87' lang='lat' dir='ltr'>et</span> <span class='ocrx_word' id='word_1_9' title='bbox 970 619 1022 716; x_wconf 84' lang='lat' dir='ltr'>M.</span> <span class='ocrx_word' id='word_1_10' title='bbox 1038 620 1160 688; x_wconf 81' lang='lat' dir='ltr'>Scauri</span> <span class='ocrx_word' id='word_1_11' title='bbox 1177 617 1220 714; x_wconf 81' lang='lat' dir='ltr'>(si</span> 
     </span>
     <span class='ocr_line' id='line_1_3' title="bbox 193 736 1221 839; baseline 0.004 -31"><span class='ocrx_word' id='word_1_12' title='bbox 193 753 311 810; x_wconf 89' lang='lat' dir='ltr'>tamen</span> <span class='ocrx_word' id='word_1_13' title='bbox 333 736 501 808; x_wconf 83' lang='lat' dir='ltr'><strong>Sallustio</strong></span> <span class='ocrx_word' id='word_1_14' title='bbox 520 752 555 808; x_wconf 84' lang='lat' dir='ltr'>et</span> <span class='ocrx_word' id='word_1_15' title='bbox 582 737 954 809; x_wconf 58' lang='lat' dir='ltr'>Plinio&#39;credendnm-</span> <span class='ocrx_word' id='word_1_16' title='bbox 970 748 1091 839; x_wconf 87' lang='lat' dir='ltr'>potius</span> <span class='ocrx_word' id='word_1_17' title='bbox 1110 765 1221 838; x_wconf 89' lang='lat' dir='ltr'>quam</span> 
     </span>
     <span class='ocr_line' id='line_1_4' title="bbox 195 859 1221 958; baseline 0.001 -25"><span class='ocrx_word' id='word_1_18' title='bbox 195 865 372 948; x_wconf 72' lang='lat' dir='ltr'>Ciceroni,</span> <span class='ocrx_word' id='word_1_19' title='bbox 397 865 460 958; x_wconf 90' lang='lat' dir='ltr'>qni</span> <span class='ocrx_word' id='word_1_20' title='bbox 483 859 721 958; x_wconf 88' lang='lat' dir='ltr'>amplissimis·</span> <span class='ocrx_word' id='word_1_21' title='bbox 734 861 905 932; x_wconf 86' lang='lat' dir='ltr'>laudibus</span> <span class='ocrx_word' id='word_1_22' title='bbox 922 870 1096 936; x_wconf 79' lang='lat' dir='ltr'>Scaurum</span> <span class='ocrx_word' id='word_1_23' title='bbox 1116 889 1221 936; x_wconf 87' lang='lat' dir='ltr'>exor-</span> 
     </span>
     <span class='ocr_line' id='line_1_5' title="bbox 195 983 1223 1084; baseline 0.004 -28"><span class='ocrx_word' id='word_1_24' title='bbox 195 985 287 1082; x_wconf 84' lang='lat' dir='ltr'>nat),</span> <span class='ocrx_word' id='word_1_25' title='bbox 305 1000 339 1056; x_wconf 85' lang='lat' dir='ltr'>et</span> <span class='ocrx_word' id='word_1_26' title='bbox 363 983 525 1055; x_wconf 88' lang='lat' dir='ltr'>consulis</span> <span class='ocrx_word' id='word_1_27' title='bbox 550 984 686 1070; x_wconf 85' lang='lat' dir='ltr'>Albini,</span> <span class='ocrx_word' id='word_1_28' title='bbox 705 999 752 1054; x_wconf 56' lang='lat' dir='ltr'>‘et</span> <span class='ocrx_word' id='word_1_29' title='bbox 770 993 1001 1084; x_wconf 76' lang='lat' dir='ltr'>propraetoris</span> <span class='ocrx_word' id='word_1_30' title='bbox 1020 987 1117 1078; x_wconf 83' lang='lat' dir='ltr'>Auli,</span> <span class='ocrx_word' id='word_1_31' title='bbox 1148 1012 1223 1060; x_wconf 90' lang='lat' dir='ltr'>non</span> 
     </span>
     <span class='ocr_line' id='line_1_6' title="bbox 195 1106 1223 1208; baseline 0.002 -30"><span class='ocrx_word' id='word_1_32' title='bbox 195 1107 305 1178; x_wconf 91' lang='lat' dir='ltr'>modo</span> <span class='ocrx_word' id='word_1_33' title='bbox 348 1106 509 1179; x_wconf 73' lang='lat' dir='ltr'>studiose</span> <span class='ocrx_word' id='word_1_34' title='bbox 544 1123 754 1204; x_wconf 88' lang='lat' dir='ltr'>persecutus</span> <span class='ocrx_word' id='word_1_35' title='bbox 795 1123 848 1179; x_wconf 88' lang='lat' dir='ltr'>est</span> <span class='ocrx_word' id='word_1_36' title='bbox 891 1108 977 1180; x_wconf 90' lang='lat' dir='ltr'>belli</span> <span class='ocrx_word' id='word_1_37' title='bbox 1016 1111 1223 1208; x_wconf 84' lang='lat' dir='ltr'>Jugurthim</span> 
     </span>
     <span class='ocr_line' id='line_1_7' title="bbox 195 1225 1227 1332; baseline 0.003 -31"><span class='ocrx_word' id='word_1_38' title='bbox 195 1236 367 1329; x_wconf 89' lang='lat' dir='ltr'>scriptor;</span> <span class='ocrx_word' id='word_1_39' title='bbox 383 1255 449 1302; x_wconf 83' lang='lat' dir='ltr'>nec</span> <span class='ocrx_word' id='word_1_40' title='bbox 466 1245 605 1302; x_wconf 88' lang='lat' dir='ltr'>tantum</span> <span class='ocrx_word' id='word_1_41' title='bbox 621 1236 781 1302; x_wconf 86' lang='lat' dir='ltr'>Memmii</span> <span class='ocrx_word' id='word_1_42' title='bbox 798 1231 934 1302; x_wconf 89' lang='lat' dir='ltr'>tribuni</span> <span class='ocrx_word' id='word_1_43' title='bbox 954 1225 1133 1332; x_wconf 84' lang='lat' dir='ltr'>Mariique</span> <span class='ocrx_word' id='word_1_44' title='bbox 1147 1246 1227 1305; x_wconf 72' lang='lat' dir='ltr'>orac</span> 
     </span>
     <span class='ocr_line' id='line_1_8' title="bbox 138 1352 1224 1453; baseline 0.004 -29"><span class='ocrx_word' id='word_1_45' title='bbox 138 1355 141 1362; x_wconf 77' lang='grc'>’</span> <span class='ocrx_word' id='word_1_46' title='bbox 195 1360 312 1426; x_wconf 87' lang='lat' dir='ltr'>tiones</span> <span class='ocrx_word' id='word_1_47' title='bbox 337 1352 525 1426; x_wconf 85' lang='lat' dir='ltr'>relerendo</span> <span class='ocrx_word' id='word_1_48' title='bbox 548 1369 583 1424; x_wconf 84' lang='lat' dir='ltr'>et</span> <span class='ocrx_word' id='word_1_49' title='bbox 608 1360 738 1453; x_wconf 88' lang='lat' dir='ltr'>partim</span> <span class='ocrx_word' id='word_1_50' title='bbox 765 1359 940 1450; x_wconf 87' lang='lat' dir='ltr'>exanimi</span> <span class='ocrx_word' id='word_1_51' title='bbox 970 1361 1026 1426; x_wconf 88' lang='lat' dir='ltr'>sui</span> <span class='ocrx_word' id='word_1_52' title='bbox 1050 1361 1224 1428; x_wconf 86' lang='lat' dir='ltr'>sententia</span> 
     </span>
     <span class='ocr_line' id='line_1_9' title="bbox 196 1475 1224 1575; baseline 0.002 -28"><span class='ocrx_word' id='word_1_53' title='bbox 196 1475 384 1573; x_wconf 87' lang='lat' dir='ltr'>fingend0,</span> <span class='ocrx_word' id='word_1_54' title='bbox 407 1475 550 1549; x_wconf 91' lang='lat' dir='ltr'>nobiles</span> <span class='ocrx_word' id='word_1_55' title='bbox 577 1477 889 1550; x_wconf 88' lang='lat' dir='ltr'>vehementissime</span> <span class='ocrx_word' id='word_1_56' title='bbox 909 1484 1133 1575; x_wconf 79' lang='lat' dir='ltr'>perstrinxit3</span> <span class='ocrx_word' id='word_1_57' title='bbox 1163 1478 1224 1550; x_wconf 88' lang='lat' dir='ltr'>sed</span> 
     </span>
     <span class='ocr_line' id='line_1_10' title="bbox 195 1601 1227 1702; baseline -0.001 -29"><span class='ocrx_word' id='word_1_58' title='bbox 195 1607 335 1674; x_wconf 85' lang='lat' dir='ltr'>etiama</span> <span class='ocrx_word' id='word_1_59' title='bbox 353 1608 542 1702; x_wconf 88' lang='lat' dir='ltr'>proposito</span> <span class='ocrx_word' id='word_1_60' title='bbox 557 1601 730 1686; x_wconf 86' lang='lat' dir='ltr'>discessit,</span> <span class='ocrx_word' id='word_1_61' title='bbox 753 1617 793 1672; x_wconf 86' lang='lat' dir='ltr'>ut</span> <span class='ocrx_word' id='word_1_62' title='bbox 811 1602 857 1674; x_wconf 89' lang='lat' dir='ltr'>de</span> <span class='ocrx_word' id='word_1_63' title='bbox 877 1601 1076 1673; x_wconf 84' lang='lat' dir='ltr'>lactionum</span> <span class='ocrx_word' id='word_1_64' title='bbox 1088 1607 1227 1701; x_wconf 88' lang='lat' dir='ltr'>origine</span> 
     </span>
     <span class='ocr_line' id='line_1_11' title="bbox 197 1724 1226 1823; baseline 0 -28"><span class='ocrx_word' id='word_1_65' title='bbox 197 1725 459 1822; x_wconf 76' lang='lat' dir='ltr'>effectibusque</span> <span class='ocrx_word' id='word_1_66' title='bbox 497 1725 708 1814; x_wconf 84' lang='lat' dir='ltr'>dissereret,</span> <span class='ocrx_word' id='word_1_67' title='bbox 744 1740 778 1796; x_wconf 87' lang='lat' dir='ltr'>et</span> <span class='ocrx_word' id='word_1_68' title='bbox 804 1724 1003 1796; x_wconf 86' lang='lat' dir='ltr'>nobilitatis</span> <span class='ocrx_word' id='word_1_69' title='bbox 1029 1731 1226 1823; x_wconf 88' lang='lat' dir='ltr'>potentiam</span> 
     </span>
     <span class='ocr_line' id='line_1_12' title="bbox 198 1847 1227 1945; baseline -0.002 -27"><span class='ocrx_word' id='word_1_70' title='bbox 198 1853 418 1945; x_wconf 84' lang='lat' dir='ltr'>noxiamque</span> <span class='ocrx_word' id='word_1_71' title='bbox 430 1847 475 1918; x_wconf 91' lang='lat' dir='ltr'>de</span> <span class='ocrx_word' id='word_1_72' title='bbox 487 1848 660 1919; x_wconf 86' lang='lat' dir='ltr'>Gracchis</span> <span class='ocrx_word' id='word_1_73' title='bbox 673 1850 857 1918; x_wconf 82' lang='lat' dir='ltr'>victoriam</span> <span class='ocrx_word' id='word_1_74' title='bbox 873 1863 1055 1919; x_wconf 87' lang='lat' dir='ltr'>accusaret</span> <span class='ocrx_word' id='word_1_75' title='bbox 1073 1875 1081 1918; x_wconf 90' lang='lat'><strong>:</strong></span> <span class='ocrx_word' id='word_1_76' title='bbox 1105 1879 1121 1912; x_wconf 73' lang='grc' dir='ltr'>ι(</span> <span class='ocrx_word' id='word_1_77' title='bbox 1138 1854 1227 1919; x_wconf 81' lang='lat' dir='ltr'>Par-</span> 
     </span>
     <span class='ocr_line' id='line_1_13' title="bbox 201 1965 1227 2070; baseline 0.005 -32"><span class='ocrx_word' id='word_1_78' title='bbox 201 2001 217 2038; x_wconf 72' lang='lat' dir='ltr'>a</span> <span class='ocrx_word' id='word_1_79' title='bbox 246 1997 372 2042; x_wconf 89' lang='lat' dir='ltr'>corum</span> <span class='ocrx_word' id='word_1_80' title='bbox 398 1970 548 2043; x_wconf 89' lang='lat' dir='ltr'>arbitrio</span> <span class='ocrx_word' id='word_1_81' title='bbox 574 1965 660 2044; x_wconf 91' lang='lat' dir='ltr'>belli</span> <span class='ocrx_word' id='word_1_82' title='bbox 679 1965 852 2068; x_wconf 85' lang='lat' dir='ltr'>domique</span> <span class='ocrx_word' id='word_1_83' title='bbox 871 1965 1087 2068; x_wconf 83' lang='lat' dir='ltr'>agitabatur;</span> <span class='ocrx_word' id='word_1_84' title='bbox 1118 1996 1227 2070; x_wconf 86' lang='lat' dir='ltr'>penes</span> 
     </span>
     <span class='ocr_line' id='line_1_14' title="bbox 202 2094 1227 2192; baseline -0.002 -26"><span class='ocrx_word' id='word_1_85' title='bbox 202 2124 220 2158; x_wconf 87' lang='lat'>«</span> <span class='ocrx_word' id='word_1_86' title='bbox 247 2094 391 2166; x_wconf 89' lang='lat' dir='ltr'>eosdem</span> <span class='ocrx_word' id='word_1_87' title='bbox 409 2099 586 2182; x_wconf 82' lang='lat' dir='ltr'>aerarium,</span> <span class='ocrx_word' id='word_1_88' title='bbox 616 2099 820 2192; x_wconf 83' lang='lat' dir='ltr'>provinciae,</span> <span class='ocrx_word' id='word_1_89' title='bbox 844 2100 1083 2192; x_wconf 71' lang='lat' dir='ltr'>magistratus,</span> <span class='ocrx_word' id='word_1_90' title='bbox 1105 2095 1227 2192; x_wconf 70' lang='lat' dir='ltr'>gloriae</span> 
     </span>
     <span class='ocr_line' id='line_1_15' title="bbox 204 2217 1228 2316; baseline 0.005 -32"><span class='ocrx_word' id='word_1_91' title='bbox 204 2249 221 2284; x_wconf 74' lang='grc' dir='ltr'><strong>α</strong></span> <span class='ocrx_word' id='word_1_92' title='bbox 249 2220 498 2316; x_wconf 82' lang='lat' dir='ltr'>triumphique</span> <span class='ocrx_word' id='word_1_93' title='bbox 528 2231 651 2306; x_wconf 77' lang='lat' dir='ltr'>erant3</span> <span class='ocrx_word' id='word_1_94' title='bbox 674 2217 833 2316; x_wconf 91' lang='lat' dir='ltr'>populus</span> <span class='ocrx_word' id='word_1_95' title='bbox 860 2217 986 2289; x_wconf 88' lang='lat' dir='ltr'>militia</span> <span class='ocrx_word' id='word_1_96' title='bbox 1013 2233 1122 2315; x_wconf 85' lang='lat' dir='ltr'>atque</span> <span class='ocrx_word' id='word_1_97' title='bbox 1150 2225 1228 2289; x_wconf 74' lang='lat' dir='ltr'>ino‘·</span> 
     </span>
    </p>
   </div>
   <div class='ocr_carea' id='block_1_3' title="bbox 206 2339 1227 2441">
    <p class='ocr_par' dir='ltr' id='par_1_3' title="bbox 206 2339 1227 2441">
     <span class='ocr_line' id='line_1_16' title="bbox 206 2339 1227 2441; baseline 0.005 -33"><span class='ocrx_word' id='word_1_98' title='bbox 206 2373 222 2408; x_wconf 68' lang='lat' dir='ltr'>a</span> <span class='ocrx_word' id='word_1_99' title='bbox 251 2348 309 2441; x_wconf 85' lang='lat' dir='ltr'>pia</span> <span class='ocrx_word' id='word_1_100' title='bbox 325 2341 538 2440; x_wconf 68' lang='lat' dir='ltr'>argebatum</span> <span class='ocrx_word' id='word_1_101' title='bbox 558 2339 695 2438; x_wconf 76' lang='lat' dir='ltr'>praedas</span> <span class='ocrx_word' id='word_1_102' title='bbox 714 2341 862 2414; x_wconf 88' lang='lat' dir='ltr'>bellicas</span> <span class='ocrx_word' id='word_1_103' title='bbox 888 2346 1121 2440; x_wconf 88' lang='lat' dir='ltr'>imperatores</span> <span class='ocrx_word' id='word_1_104' title='bbox 1145 2367 1227 2413; x_wconf 90' lang='lat' dir='ltr'>cum</span> 
     </span>
    </p>
   </div>
   <div class='ocr_carea' id='block_1_4' title="bbox 107 2464 1301 3918">
    <p class='ocr_par' dir='ltr' id='par_1_4' title="bbox 107 2464 1301 3918">
     <span class='ocr_line' id='line_1_17' title="bbox 207 2464 1227 2566; baseline -0.003 -27"><span class='ocrx_word' id='word_1_105' title='bbox 207 2497 224 2532; x_wconf 80' lang='grc' dir='ltr'><strong>κ</strong></span> <span class='ocrx_word' id='word_1_106' title='bbox 254 2472 377 2566; x_wconf 83' lang='lat' dir='ltr'>paucis</span> <span class='ocrx_word' id='word_1_107' title='bbox 391 2464 635 2564; x_wconf 80' lang='lat' dir='ltr'>diripiebaut3</span> <span class='ocrx_word' id='word_1_108' title='bbox 651 2470 791 2536; x_wconf 79' lang='lat' dir='ltr'>interea</span> <span class='ocrx_word' id='word_1_109' title='bbox 804 2480 971 2562; x_wconf 82' lang='lat' dir='ltr'>parentes</span> <span class='ocrx_word' id='word_1_110' title='bbox 985 2482 1048 2538; x_wconf 84' lang='lat' dir='ltr'>aut</span> <span class='ocrx_word' id='word_1_111' title='bbox 1068 2473 1165 2563; x_wconf 87' lang='lat' dir='ltr'>parvi</span> <span class='ocrx_word' id='word_1_112' title='bbox 1186 2467 1227 2536; x_wconf 80' lang='lat' dir='ltr'>ti-</span> 
     </span>
     <span class='ocr_line' id='line_1_18' title="bbox 207 2587 1226 2685; baseline 0.004 -31"><span class='ocrx_word' id='word_1_113' title='bbox 207 2619 224 2654; x_wconf 76' lang='lat'>«</span> <span class='ocrx_word' id='word_1_114' title='bbox 253 2589 331 2661; x_wconf 90' lang='lat' dir='ltr'>beri</span> <span class='ocrx_word' id='word_1_115' title='bbox 347 2587 518 2678; x_wconf 86' lang='lat' dir='ltr'>militum,</span> <span class='ocrx_word' id='word_1_116' title='bbox 549 2593 600 2659; x_wconf 87' lang='lat' dir='ltr'>uti</span> <span class='ocrx_word' id='word_1_117' title='bbox 613 2594 768 2684; x_wconf 87' lang='lat' dir='ltr'>quisquc</span> <span class='ocrx_word' id='word_1_118' title='bbox 787 2593 982 2685; x_wconf 90' lang='lat' dir='ltr'>potentiori</span> <span class='ocrx_word' id='word_1_119' title='bbox 999 2589 1119 2660; x_wconf 81' lang='lat' dir='ltr'>affinis</span> <span class='ocrx_word' id='word_1_120' title='bbox 1134 2605 1226 2676; x_wconf 84' lang='lat' dir='ltr'>erat,</span> 
     </span>
     <span class='ocr_line' id='line_1_19' title="bbox 208 2712 1230 2812; baseline 0.01 -35"><span class='ocrx_word' id='word_1_121' title='bbox 208 2744 224 2778; x_wconf 78' lang='grc' dir='ltr'>ιι</span> <span class='ocrx_word' id='word_1_122' title='bbox 254 2713 402 2784; x_wconf 87' lang='lat' dir='ltr'>sedibus</span> <span class='ocrx_word' id='word_1_123' title='bbox 412 2712 650 2812; x_wconf 78' lang='lat' dir='ltr'>pellebantur.</span> <span class='ocrx_word' id='word_1_124' title='bbox 664 2719 716 2783; x_wconf 86' lang='lat' dir='ltr'>Ita</span> <span class='ocrx_word' id='word_1_125' title='bbox 730 2737 813 2782; x_wconf 88' lang='lat' dir='ltr'>cnm</span> <span class='ocrx_word' id='word_1_126' title='bbox 824 2719 982 2809; x_wconf 84' lang='lat' dir='ltr'>potentia</span> <span class='ocrx_word' id='word_1_127' title='bbox 995 2721 1138 2784; x_wconf 88' lang='lat' dir='ltr'>avaritia</span> <span class='ocrx_word' id='word_1_128' title='bbox 1153 2720 1230 2787; x_wconf 86' lang='lat' dir='ltr'>sine</span> 
     </span>
     <span class='ocr_line' id='line_1_20' title="bbox 132 2834 1230 2933; baseline 0.005 -32"><span class='ocrx_word' id='word_1_129' title='bbox 132 2861 134 2866; x_wconf 95' lang='lat'>·</span> <span class='ocrx_word' id='word_1_130' title='bbox 210 2866 227 2901; x_wconf 72' lang='grc' dir='ltr'><strong>α</strong></span> <span class='ocrx_word' id='word_1_131' title='bbox 256 2836 366 2908; x_wconf 92' lang='lat' dir='ltr'>modo</span> <span class='ocrx_word' id='word_1_132' title='bbox 384 2837 630 2932; x_wconf 86' lang='lat' dir='ltr'>modestiaque</span> <span class='ocrx_word' id='word_1_133' title='bbox 649 2834 833 2923; x_wconf 90' lang='lat' dir='ltr'>invadere,</span> <span class='ocrx_word' id='word_1_134' title='bbox 855 2835 1020 2933; x_wconf 85' lang='lat' dir='ltr'>polluere</span> <span class='ocrx_word' id='word_1_135' title='bbox 1035 2852 1069 2907; x_wconf 83' lang='lat' dir='ltr'>et</span> <span class='ocrx_word' id='word_1_136' title='bbox 1095 2851 1230 2907; x_wconf 84' lang='lat' dir='ltr'>vastare</span> 
     </span>
     <span class='ocr_line' id='line_1_21' title="bbox 209 2957 1228 3057; baseline -0.005 -25"><span class='ocrx_word' id='word_1_137' title='bbox 209 2990 225 3024; x_wconf 77' lang='grc' dir='ltr'>ι(</span> <span class='ocrx_word' id='word_1_138' title='bbox 254 2966 375 3032; x_wconf 86' lang='lat' dir='ltr'>omnia</span> <span class='ocrx_word' id='word_1_139' title='bbox 393 2960 459 3056; x_wconf 64' lang='lat' dir='ltr'>(il.</span> <span class='ocrx_word' id='word_1_140' title='bbox 484 2990 500 3024; x_wconf 76' lang='lat' dir='ltr'>n</span> <span class='ocrx_word' id='word_1_141' title='bbox 520 2964 582 3029; x_wconf 91' lang='lat' dir='ltr'>His</span> <span class='ocrx_word' id='word_1_142' title='bbox 604 2957 765 3057; x_wconf 87' lang='lat' dir='ltr'>prolecto</span> <span class='ocrx_word' id='word_1_143' title='bbox 790 2973 861 3029; x_wconf 90' lang='lat' dir='ltr'>tarn</span> <span class='ocrx_word' id='word_1_144' title='bbox 885 2958 1001 3030; x_wconf 86' lang='lat' dir='ltr'>vivide</span> <span class='ocrx_word' id='word_1_145' title='bbox 1020 2960 1228 3030; x_wconf 85' lang='lat' dir='ltr'>describen-</span> 
     </span>
     <span class='ocr_line' id='line_1_22' title="bbox 205 3080 1231 3170; baseline -0.002 -18"><span class='ocrx_word' id='word_1_146' title='bbox 205 3080 262 3154; x_wconf 89' lang='lat' dir='ltr'>dis</span> <span class='ocrx_word' id='word_1_147' title='bbox 287 3082 444 3154; x_wconf 89' lang='lat' dir='ltr'>multum</span> <span class='ocrx_word' id='word_1_148' title='bbox 465 3080 698 3153; x_wconf 87' lang='lat' dir='ltr'>contulerunt</span> <span class='ocrx_word' id='word_1_149' title='bbox 724 3086 870 3151; x_wconf 87' lang='lat' dir='ltr'>Catonis</span> <span class='ocrx_word' id='word_1_150' title='bbox 890 3087 1089 3170; x_wconf 89' lang='lat' dir='ltr'>orationes,</span> <span class='ocrx_word' id='word_1_151' title='bbox 1105 3107 1165 3152; x_wconf 90' lang='lat' dir='ltr'>sen</span> <span class='ocrx_word' id='word_1_152' title='bbox 1186 3083 1231 3152; x_wconf 85' lang='lat' dir='ltr'>de</span> 
     </span>
     <span class='ocr_line' id='line_1_23' title="bbox 205 3203 1230 3301; baseline -0.003 -23"><span class='ocrx_word' id='word_1_153' title='bbox 205 3205 355 3292; x_wconf 69' lang='lat' dir='ltr'>anchira,</span> <span class='ocrx_word' id='word_1_154' title='bbox 372 3231 434 3276; x_wconf 84' lang='lat' dir='ltr'>seu</span> <span class='ocrx_word' id='word_1_155' title='bbox 452 3230 502 3274; x_wconf 86' lang='lat' dir='ltr'>ne.</span> <span class='ocrx_word' id='word_1_156' title='bbox 516 3203 647 3301; x_wconf 72' lang='lat' dir='ltr'>ansbis</span> <span class='ocrx_word' id='word_1_157' title='bbox 661 3205 787 3274; x_wconf 82' lang='lat' dir='ltr'>consul</span> <span class='ocrx_word' id='word_1_158' title='bbox 793 3204 915 3301; x_wconf 85' lang='lat' dir='ltr'>fieret,</span> <span class='ocrx_word' id='word_1_159' title='bbox 933 3228 994 3297; x_wconf 74' lang='lat' dir='ltr'>squ</span> <span class='ocrx_word' id='word_1_160' title='bbox 1005 3205 1230 3300; x_wconf 67' lang='lat' dir='ltr'>depraedatio</span> 
     </span>
     <span class='ocr_line' id='line_1_24' title="bbox 202 3326 1223 3428; baseline -0.004 -27"><span class='ocrx_word' id='word_1_161' title='bbox 202 3330 383 3428; x_wconf 78' lang='lat' dir='ltr'>publicum</span> <span class='ocrx_word' id='word_1_162' title='bbox 403 3329 598 3419; x_wconf 66' lang='lat' dir='ltr'>referundo</span> <span class='ocrx_word' id='word_1_163' title='bbox 613 3341 675 3398; x_wconf 81' lang='lat' dir='ltr'>aut</span> <span class='ocrx_word' id='word_1_164' title='bbox 692 3326 856 3396; x_wconf 80' lang='lat' dir='ltr'>militibus</span> <span class='ocrx_word' id='word_1_165' title='bbox 868 3326 1080 3416; x_wconf 79' lang='lat' dir='ltr'>dividunda,</span> <span class='ocrx_word' id='word_1_166' title='bbox 1096 3333 1130 3397; x_wconf 92' lang='lat' dir='ltr'>in</span> <span class='ocrx_word' id='word_1_167' title='bbox 1148 3335 1223 3423; x_wconf 89' lang='lat' dir='ltr'>qui·</span> 
     </span>
     <span class='ocr_line' id='line_1_25' title="bbox 107 3446 1233 3550; baseline -0.005 -24"><span class='ocrx_word' id='word_1_168' title='bbox 107 3520 111 3526; x_wconf 90' lang='lat'>.</span> <span class='ocrx_word' id='word_1_169' title='bbox 180 3472 183 3478; x_wconf 82' lang='lat'>&#39;</span> <span class='ocrx_word' id='word_1_170' title='bbox 208 3454 436 3550; x_wconf 82' lang='lat' dir='ltr'>lmsgrariter</span> <span class='ocrx_word' id='word_1_171' title='bbox 450 3449 711 3522; x_wconf 82' lang='lat' dir='ltr'>mordebantur</span> <span class='ocrx_word' id='word_1_172' title='bbox 726 3479 742 3513; x_wconf 75' lang='grc' dir='ltr'><strong>α</strong></span> <span class='ocrx_word' id='word_1_173' title='bbox 758 3446 856 3519; x_wconf 78' lang='lat' dir='ltr'>lutus</span> <span class='ocrx_word' id='word_1_174' title='bbox 872 3446 923 3517; x_wconf 89' lang='lat' dir='ltr'>illi</span> <span class='ocrx_word' id='word_1_175' title='bbox 942 3446 1079 3545; x_wconf 89' lang='lat' dir='ltr'>publici</span> <span class='ocrx_word' id='word_1_176' title='bbox 1095 3455 1128 3518; x_wconf 83' lang='lat' dir='ltr'>in</span> <span class='ocrx_word' id='word_1_177' title='bbox 1143 3473 1233 3520; x_wconf 88' lang='lat' dir='ltr'>auro</span> 
     </span>
     <span class='ocr_line' id='line_1_26' title="bbox 207 3569 1233 3674; baseline -0.004 -28"><span class='ocrx_word' id='word_1_178' title='bbox 207 3592 242 3646; x_wconf 85' lang='lat' dir='ltr'>et</span> <span class='ocrx_word' id='word_1_179' title='bbox 257 3599 418 3674; x_wconf 87' lang='lat' dir='ltr'>purpura</span> <span class='ocrx_word' id='word_1_180' title='bbox 429 3587 566 3644; x_wconf 81' lang='lat' dir='ltr'>aetatem</span> <span class='ocrx_word' id='word_1_181' title='bbox 583 3570 805 3669; x_wconf 84' lang='lat' dir='ltr'>ageresoliti,</span> <span class='ocrx_word' id='word_1_182' title='bbox 823 3601 838 3635; x_wconf 74' lang='lat' dir='ltr'>u</span> <span class='ocrx_word' id='word_1_183' title='bbox 857 3570 920 3640; x_wconf 91' lang='lat' dir='ltr'>ubi</span> <span class='ocrx_word' id='word_1_184' title='bbox 932 3569 1233 3642; x_wconf 83' lang='lat' dir='ltr'>notabanturillae</span> 
     </span>
     <span class='ocr_line' id='line_1_27' title="bbox 211 3693 1234 3796; baseline -0.003 -26"><span class='ocrx_word' id='word_1_185' title='bbox 211 3702 428 3796; x_wconf 80' lang='lat' dir='ltr'>largitiones,</span> <span class='ocrx_word' id='word_1_186' title='bbox 440 3721 530 3794; x_wconf 88' lang='lat' dir='ltr'>quas</span> <span class='ocrx_word' id='word_1_187' title='bbox 542 3699 647 3766; x_wconf 83' lang='lat' dir='ltr'>etiarn</span> <span class='ocrx_word' id='word_1_188' title='bbox 661 3699 932 3792; x_wconf 86' lang='lat' dir='ltr'>comparatione</span> <span class='ocrx_word' id='word_1_189' title='bbox 948 3699 1002 3764; x_wconf 91' lang='lat' dir='ltr'>sui</span> <span class='ocrx_word' id='word_1_190' title='bbox 1017 3693 1234 3792; x_wconf 88' lang='lat' dir='ltr'>lepidissime</span> 
     </span>
     <span class='ocr_line' id='line_1_28' title="bbox 209 3815 1301 3918; baseline -0.005 -26"><span class='ocrx_word' id='word_1_191' title='bbox 209 3827 319 3918; x_wconf 82' lang='lat' dir='ltr'>carpit</span> <span class='ocrx_word' id='word_1_192' title='bbox 339 3825 426 3892; x_wconf 88' lang='lat' dir='ltr'>Cato</span> <span class='ocrx_word' id='word_1_193' title='bbox 444 3826 478 3890; x_wconf 88' lang='lat' dir='ltr'>in</span> <span class='ocrx_word' id='word_1_194' title='bbox 503 3822 666 3889; x_wconf 88' lang='lat' dir='ltr'>oratione</span> <span class='ocrx_word' id='word_1_195' title='bbox 683 3815 726 3885; x_wconf 87' lang='lat' dir='ltr'>de</span> <span class='ocrx_word' id='word_1_196' title='bbox 740 3830 886 3911; x_wconf 75' lang='lat' dir='ltr'>nunptu</span> <span class='ocrx_word' id='word_1_197' title='bbox 899 3841 964 3884; x_wconf 78' lang='lat' dir='ltr'>stro</span> <span class='ocrx_word' id='word_1_198' title='bbox 992 3816 1069 3911; x_wconf 74' lang='lat'>(2):</span> <span class='ocrx_word' id='word_1_199' title='bbox 1097 3847 1113 3881; x_wconf 73' lang='lat' dir='ltr'>a</span> <span class='ocrx_word' id='word_1_200' title='bbox 1134 3821 1236 3896; x_wconf 81' lang='lat' dir='ltr'>Nun·</span> <span class='ocrx_word' id='word_1_201' title='bbox 1296 3885 1301 3891; x_wconf 79' lang='grc'>,</span> 
     </span>
    </p>
   </div>
   <div class='ocr_carea' id='block_1_5' title="bbox 159 4048 860 4212">
    <p class='ocr_par' dir='ltr' id='par_1_5' title="bbox 159 4048 860 4212">
     <span class='ocr_line' id='line_1_29' title="bbox 246 4048 426 4117; baseline -0.022 -15"><span class='ocrx_word' id='word_1_202' title='bbox 246 4054 281 4114; x_wconf 79' lang='lat' dir='ltr'>(tl</span> <span class='ocrx_word' id='word_1_203' title='bbox 303 4049 367 4117; x_wconf 70' lang='lat' dir='ltr'>lup.</span> <span class='ocrx_word' id='word_1_204' title='bbox 382 4048 426 4101; x_wconf 80' lang='lat' dir='ltr'>tt.</span> 
     </span>
     <span class='ocr_line' id='line_1_30' title="bbox 159 4129 860 4212; baseline -0.027 -12"><span class='ocrx_word' id='word_1_205' title='bbox 159 4197 161 4200; x_wconf 86' lang='lat'>.</span> <span class='ocrx_word' id='word_1_206' title='bbox 245 4144 283 4212; x_wconf 69' lang='grc' dir='ltr'>(ἓ)</span> <span class='ocrx_word' id='word_1_207' title='bbox 303 4140 408 4196; x_wconf 84' lang='lat' dir='ltr'>Fronu.</span> <span class='ocrx_word' id='word_1_208' title='bbox 427 4137 510 4208; x_wconf 77' lang='lat' dir='ltr'>Epist</span> <span class='ocrx_word' id='word_1_209' title='bbox 527 4132 562 4188; x_wconf 83' lang='lat' dir='ltr'>ud</span> <span class='ocrx_word' id='word_1_210' title='bbox 577 4133 754 4196; x_wconf 77' lang='lat' dir='ltr'>Antoninum,</span> <span class='ocrx_word' id='word_1_211' title='bbox 768 4129 789 4192; x_wconf 92' lang='lat' dir='ltr'>l,</span> <span class='ocrx_word' id='word_1_212' title='bbox 806 4132 831 4182; x_wconf 70' lang='lat' dir='ltr'>i.</span> <span class='ocrx_word' id='word_1_213' title='bbox 859 4196 860 4201; x_wconf 7' lang='grc' dir='ltr'>ἵ</span> 
     </span>
    </p>
   </div>
   <div class='ocr_carea' id='block_1_6' title="bbox 0 0 1508 4746">
    <p class='ocr_par' dir='ltr' id='par_1_6' title="bbox 0 0 1508 4746">
     <span class='ocr_line' id='line_1_31' title="bbox 0 0 1508 4746; baseline 0 0"><span class='ocrx_word' id='word_1_214' title='bbox 0 0 1508 4746; x_wconf 95' lang='lat' dir='ltr'> </span> 
     </span>
    </p>
   </div>
  </div>
 </body>
</html>
