2974 4746
600 483 823 550 ‘-to.-

279 641 346 722 ltta
356 649 494 731 omnia,
506 669 719 744 quanquam
729 645 852 717 forsan
865 643 1009 716 levioris
1023 650 1197 716 momenti
1211 648 1262 716 ri·

182 823 184 827 -
229 765 397 858 deantur,
420 795 493 840 non
515 770 713 842 omittenda
734 769 885 858 credidi,
901 775 1075 865 quoniam
1092 769 1134 839 ad
1154 768 1262 840 verba

230 899 409 989 praecipue
433 898 579 965 Catonis
605 900 819 992 pertinuisse
837 893 994 964 Sallustii
1011 891 1105 964 furta
1129 909 1263 964 veteres

232 1015 478 1105 crediderunt,
496 1033 529 1089 et
547 1033 718 1116 praeterea
735 1043 808 1089 non
827 1041 932 1116 parva
950 1032 1106 1113 exparte
1123 1023 1261 1114 priscus

232 1136 293 1212 itte
311 1153 345 1210 et
360 1142 673 1236 Catonianusejus
692 1145 867 1211 orationis
886 1138 988 1210 color
1003 1139 1088 1210 inde
1107 1155 1258 1210 constat.

203 1333 207 1341 ,
231 1260 297 1334 Sed
313 1262 382 1335 alia
393 1279 606 1360 supersunt,
623 1265 772 1360 quibus,
792 1269 903 1362 magis
914 1270 1018 1335 etiam
1033 1289 1142 1360 quam
1155 1263 1264 1335 verba

233 1387 456 1478 mutuando,
482 1388 527 1459 ad
548 1387 824 1458 similitudinem
847 1394 951 1486 prisci
976 1393 1038 1457 viri
1061 1393 1262 1459 orationem

233 1534 334 1584 suam
361 1509 466 1584 finxit
488 1511 699 1600 Sallustius,
725 1513 877 1608 ejusque
902 1510 1081 1582 scribendi
1103 1527 1263 1581 tenorem

232 1628 307 1706 fere
329 1647 445 1704 totum
470 1633 538 1704 sibi
562 1633 767 1707 vindicavit.
795 1641 843 1705 Ea
868 1621 980 1731 igitur
997 1659 1095 1704 nnnc
1112 1633 1266 1704 breviter

233 1755 536 1852 recognoscenda.

282 1885 316 1954 si
336 1887 419 1977 quis
438 1886 586 1954 Catonis
607 1881 805 1980 fragmenta
830 1887 1001 1953 attentius
1018 1881 1163 1978 legerit,
1189 1887 1268 1952 ani-

237 2003 433 2080 madvertet
450 2029 535 2078 sane
555 2032 663 2104 quam
680 2031 773 2104 stopo
792 2007 905 2078 soleat
920 2011 1098 2078 contraria
1120 2021 1265 2076 contra·

238 2134 299 2200 riis
322 2127 464 2218 referre,
486 2157 560 2201 non
586 2137 634 2203 ita
656 2147 798 2219 tamen,
828 2146 866 2202 ut
884 2131 993 2202 verba
1017 2131 1145 2216 verbis,
1167 2135 1266 2200 inani

238 2252 364 2348 aliquo
392 2255 581 2328 rhetoricae
607 2263 693 2328 artis
708 2255 812 2345 ludo,
825 2270 999 2354 opponat,
1017 2270 1051 2325 et
1064 2260 1267 2325 orationem

237 2375 368 2450 librare
382 2403 423 2451 ac
444 2405 635 2452 numerose
653 2380 872 2452 concludere
892 2395 1006 2470 curet,
1025 2380 1083 2450 sed
1111 2395 1151 2448 ut
1170 2398 1266 2449 conr·

236 2507 423 2599 paratione
446 2529 565 2576 rerum
590 2505 700 2576 rebus
721 2511 791 2575 vim
809 2521 842 2575 et
858 2505 973 2574 lucem
997 2503 1118 2592 addat,
1140 2519 1172 2574 et
1191 2502 1265 2601 pie-

239 2629 321 2697 nior
345 2624 431 2696 inde
449 2650 491 2698 ac
516 2627 737 2700 manifestior
763 2653 889 2698 seusus
913 2643 1034 2698 exstet.
1056 2627 1121 2696 ute
1146 2641 1265 2696 autem

238 2747 420 2820 scribendi
441 2776 517 2820 mos
537 2757 662 2850 priscis
681 2751 920 2850 scriptoribus
934 2757 1036 2848 qnasi
1052 2755 1181 2821 insitus
1193 2766 1265 2839 est,

239 2886 278 2941 nt
307 2888 520 2969 argumento
550 2891 634 2946 sunt
658 2875 754 2973 apud
777 2891 949 2949 nostrates
967 2889 1126 2948 veterum
1151 2897 1265 2946 anna·

238 2993 328 3070 lium
344 3002 547 3094 scriptores,
571 3013 606 3068 et
624 3004 769 3070 Henrici
784 3003 833 3068 tv
850 3004 1032 3070 orationes
1052 3015 1161 3095 atquc
1173 3004 1264 3096 epis·

238 3117 341 3207 totae,
372 3136 407 3190 et
437 3136 558 3192 noster
585 3121 648 3193 itte
671 3124 862 3194 Corneitie.
896 3129 986 3192 Eum
1012 3147 1096 3192 vero
1129 3145 1266 3191 morsm

239 3248 332 3313 inter
349 3250 544 3342 praecipnas
567 3246 725 3318 Sallustii
745 3255 891 3317 virtutes
910 3271 1004 3334 esse,
1029 3270 1095 3316 nec
1120 3246 1169 3316 ob
1188 3269 1267 3315 eam

240 3372 388 3438 minime
421 3393 567 3440 cansam
597 3372 674 3466 ejus
706 3369 977 3442 narrationibus
1006 3385 1038 3439 et
1073 3375 1267 3467 praesertim

240 3491 468 3563 orationibus
486 3508 624 3569 tautum
647 3519 840 3566 nervorum
858 3499 1058 3583 accessisse,
1085 3519 1193 3564 nemo
1209 3519 1269 3565 ne-

239 3614 351 3711 gabit.
374 3615 499 3690 attans
515 3623 638 3719 paucis
660 3624 848 3716 utriusque
870 3617 1167 3716 loci5,q11a11turn
1185 3617 1269 3692 inde

240 3739 330 3822 alter
356 3741 404 3813 ab
432 3741 545 3820 altero
576 3743 730 3840 pendeat
757 3747 945 3842 perspicue
973 3741 1122 3840 patebit.
1154 3749 1269 3814 Dese

241 3871 328 3936 Cato
348 3866 401 3962 (r)
419 3873 466 3938 ita
485 3867 643 3938 dixerat:
666 3899 682 3932 <t
697 3874 731 3940 Si
746 3867 834 3964 qnid
857 3866 1024 3964 estquod
1047 3881 1140 3958 utar,
1162 3881 1265 3954 ntor3

274 4138 310 4203 (i)
332 4135 441 4207 Frapru.
458 4141 550 4192 irunt.
564 4139 674 4210 GelliuS,
692 4141 763 4209 Xttl,
777 4143 811 4196 23
