2974 4746
712 433 869 496 ηρ-

278 591 490 679 Sallustius,
516 587 679 662 affectata
701 590 761 662 illa
781 607 938 670 veterum
966 590 1196 689 simplicitate
1217 603 1247 660 et
1275 594 1307 660 vi

278 723 462 814 etiamque
494 721 697 815 asperitate,
718 715 766 788 ab
789 721 953 788 oratione
978 731 1068 788 tersa
1094 732 1128 787 et
1147 715 1246 787 molli
1274 730 1310 784 et

280 857 475 907 numerosa
500 832 667 905 consulto
696 831 851 920 recedat,
878 847 911 902 et
937 831 1071 904 lractus
1097 837 1239 930 saepius,
1271 844 1311 901 nt

279 953 450 1044 diximus,
470 955 723 1055 abruptiusque
742 962 779 1028 in
799 955 955 1026 diceudo
970 961 1027 1041 sit,
1050 971 1168 1056 tanren
1191 962 1307 1028 mani-

225 1161 228 1167 ,
279 1077 367 1152 festa
382 1085 481 1150 estin
497 1104 537 1151 ea
549 1085 625 1178 ipsa
638 1078 1308 1177 antiquitatisaffectationeindustria,

280 1202 488 1275 manifestus
516 1202 639 1292 labor3
664 1229 729 1276 nec
766 1204 853 1276 illud
885 1219 1016 1276 veteres
1049 1203 1291 1299 fefellerattr')

279 1333 374 1398 inter
400 1353 494 1424 quos
518 1326 658 1399 Gellius
675 1353 759 1398 eum
779 1327 1092 1400 «subtilissimum
1125 1329 1310 1400 brevitatis

279 1450 452 1522 artificem
466 1483 482 1516 r
499 1456 637 1549 optime
651 1450 751 1521 dixit.
764 1455 888 1548 ltaque
900 1458 935 1521 in
953 1477 997 1524 eo
1011 1452 1190 1524 desideres
1205 1451 1304 1522 illam

279 1575 425 1645 Catonis
441 1578 633 1670 ingenuam
653 1581 915 1661 sinceritatem;
937 1576 1094 1675 ideoque
1114 1581 1220 1648 etiam
1243 1573 1310 1646 mi·

280 1723 349 1770 nus
360 1703 454 1771 varia
469 1713 504 1768 et
514 1697 678 1794 jucunda
686 1699 764 1794 ejus
774 1705 950 1772 orationis
961 1705 1114 1798 species3
1132 1716 1180 1789 et,
1193 1727 1308 1797 quum

279 1825 407 1918 soepins
425 1820 472 1892 ub
486 1846 530 1892 eo
550 1845 684 1910 caveas,
698 1846 857 1920 eumque
876 1847 895 1896 a
917 1822 1027 1894 modo
1042 1822 1243 1894 discessisse
1257 1848 1312 1892 ar·

280 1943 438 2033 bitteris,
462 1948 535 2041 jam
558 1945 623 2015 tibi
644 1970 718 2016 uon
742 1954 1043 2048 uestimentum,
1066 1946 1125 2017 sed
1151 1970 1206 2016 res
1227 1953 1312 2043 ipsae

279 2084 451 2168 suspectae
466 2068 570 2140 frunt.
821 2051 823 2055 ,

329 2197 483 2280 Etenim,
512 2198 548 2262 in
571 2192 678 2263 rebus
699 2219 865 2292 quoque,
891 2210 923 2264 et
949 2201 1142 2294 praesertim
1159 2220 1240 2292 quae
1264 2193 1310 2266 atl

278 2321 431 2388 civitatis
462 2330 593 2388 statum
623 2322 818 2412 pertinent,
845 2343 1055 2414 quanquam
1086 2318 1241 2417 plurima
1268 2342 1311 2387 ex

282 2447 360 2538 ipso
379 2446 517 2514 Catone
532 2447 692 2540 arripiat,
708 2457 743 2512 et
758 2442 883 2513 eadem
909 2442 1001 2513 mala
1021 2458 1056 2513 et
1073 2449 1156 2515 titia
1168 2445 1330 2514 insecto'

281 2579 354 2655 tur,
371 2564 527 2637 multum
544 2570 751 2638 aCensorio
762 2565 939 2664 discrepat
952 2566 1154 2639 Sallustius.
1173 2572 1311 2665 Nempe

281 2693 370 2760 Cato
390 2687 540 2785 quidem
563 2695 630 2788 ipsi
653 2697 688 2759 iu
713 2696 920 2762 universum
940 2688 1122 2762 nobilitati
1147 2709 1221 2762 non
1244 2691 1308 2764 atl-

282 2825 459 2897 versatm·;
477 2825 526 2902 et,
538 2809 626 2882 dum
637 2837 747 2908 requae
763 2811 917 2883 libertati
932 2809 1037 2899 lavet,
1055 2837 1096 2886 ac
1109 2839 1215 2884 suurn
1231 2816 1308 2916 cui·

281 2958 354 3032 que
370 2935 430 3030 jus
456 2939 602 3032 repetit,
631 2959 708 3007 earn
736 2931 991 3010 tantummodo
1019 2936 1241 3027 libertatern,
1273 2934 1308 3006 itl

277 3061 336 3152 jus
351 3057 508 3129 vindicat
526 3057 626 3156 quod
644 3058 738 3156 leges
750 3074 918 3132 statuere.
940 3059 1053 3132 Attuli
1067 3062 1140 3156 jam
1154 3059 1206 3156 (a)
1225 3085 1309 3158 prae·

278 3182 413 3254 claram
437 3180 535 3254 illam
562 3181 655 3267 bene
681 3200 825 3255 moratae
850 3191 1004 3256 civitatis
1022 3182 1304 3256 definitionem:

283 3338 304 3396 uw
328 3312 432 3396 Jure,
461 3307 549 3404 lege,
568 3306 745 3394 libertato,
768 3307 967 3404 republica,
984 3313 1227 3379 communiter
1257 3312 1308 3378 uti

282 3461 299 3495 u
328 3445 484 3527 oportet,
502 3430 615 3528 gloria
634 3446 744 3527 atque
764 3432 905 3502 bonore
925 3431 1115 3529 quomodo
1129 3430 1197 3502 sibi
1211 3437 1309 3528 quis·

282 3583 310 3617 «-
327 3577 398 3648 que
417 3561 608 3642 struxerit;
632 3585 647 3618 n
666 3554 763 3626 unde
780 3570 874 3652 patet
888 3579 970 3625 cunt
985 3581 1073 3640 uon,
1093 3579 1193 3624 more
1209 3578 1306 3652 quo·

312 3916 350 3982 (t)
368 3912 477 3981 Qutnttt.
495 3913 557 3983 X,3
576 3932 583 3968 :
599 3933 611 3964 a
625 3914 695 3970 Sauo
714 3915 871 3972 manifestus
890 3923 930 3974 est
952 3916 1067 3974 Sallustii
1090 3933 1122 3973 ex
1147 3917 1204 3989 ipso
1226 3932 1307 3988 opero

275 4000 382 4094 labos.»

310 4098 346 4163 (ἲ)
364 4094 424 4150 t'iu.
439 4108 500 4166 pag.
516 4097 559 4148 3t.
