2974 4746
650 436 815 498 ..Η-

217 596 375 690 ipsaqne-
390 592 613 665 vehementia
633 608 668 666 et
693 599 883 692 asperitate
905 596 1082 664 Catonem
1104 590 1258 668 reterre..

217 720 331 814 Igitur
346 718 497 814 majores
520 719 776 818 majorumque
801 722 949 790 virtutes
969 741 1045 788 nou
1067 721 1189 792 atinus
1211 722 1248 790 iu

218 866 280 914 ore
294 841 403 914 habet
416 867 527 940 quam
543 849 619 942 ipse
631 848 744 933 Cato,
762 867 836 916 nou
854 845 985 914 minori
999 840 1250 938 indignatione

216 988 367 1034 suorum
386 962 567 1038 luxuriam
580 980 616 1038 et
630 971 835 1053 avaritiam,
851 963 1059 1064 superbiam
1075 979 1111 1036 et
1128 963 1252 1042 crude

217 1083 353 1158 litatem
374 1092 594 1161 insectatur:
616 1119 631 1154 α
651 1093 944 1188 operaepretium
963 1102 1029 1176 est,
1048 1113 1164 1186 quum
1184 1088 1249 1159 do·

220 1240 236 1276 a
259 1236 340 1282 miss
366 1226 475 1308 atque
496 1211 597 1287 villas
625 1219 838 1310 cognoveris
864 1218 900 1284 in
924 1212 1072 1284 urbium
1098 1211 1248 1285 modum

220 1365 236 1400 a
259 1333 507 1420 exaedificatas,
532 1341 643 1408 visere
671 1336 804 1434 templa
830 1335 998 1424 deorum,
1026 1361 1107 1433 quae
1140 1342 1253 1408 nostri

219 1487 237 1524 a
257 1461 426 1552 majores,
450 1459 720 1556 religiosissumi
750 1459 934 1548 mortales,
962 1457 1091 1533 secere.
1119 1465 1249 1534 Verum

219 1613 235 1650 «
257 1583 309 1653 illi
326 1581 478 1654 delubra
493 1583 645 1654 deounn
660 1591 807 1680 pietate,
830 1583 961 1658 domos
976 1609 1059 1656 suas
1072 1584 1186 1682 gloria
1196 1585 1251 1658 de·

219 1735 236 1771 κ
257 1705 453 1795 rorabant3
476 1686 595 1803 neque
615 1712 716 1781 uictis
730 1705 949 1804 quidquam,
965 1722 1091 1806 praeter
1111 1709 1250 1806 injuriae

219 1860 236 1896 a
258 1829 437 1903 licentiam
456 1885 465 1922 ,
487 1830 701 1930 eripiebant.
723 1836 767 1902 nt
790 1831 829 1901 hi
853 1845 993 1922 contra,
1018 1836 1255 1928 ignavissumi·

218 1982 234 2018 u
258 1952 444 2044 homines,
470 1980 533 2053 per
558 1979 744 2032 summurn
775 1954 891 2027 scelus
926 1960 1050 2028 omnia
1068 1980 1114 2027 ea
1142 1961 1249 2028 sociis

217 2107 234 2142 α
256 2077 445 2166 ademere,
465 2103 546 2174 qnae
572 2078 771 2152 fortissumi
802 2083 868 2150 viri
899 2080 1051 2152 victores
1080 2079 1247 2152 hostibus

217 2231 236 2266 tt
256 2201 498 2298 reliquerant:
534 2202 688 2300 proinde
711 2207 815 2299 qnasi
841 2203 1014 2299 injuriam
1030 2201 1179 2294 ¹facere,
1207 2203 1244 2275 id

176 2315 188 2332 ⁶
214 2357 231 2392 (ι
249 2323 395 2396 demum
425 2341 515 2398 esset
541 2331 693 2426 imperio
717 2331 769 2400 uti
784 2327 851 2425 (ι).
872 2358 889 2394 n
914 2332 995 2426 Ipse
1020 2326 1111 2420 sibi,
1131 2352 1246 2425 quum

217 2477 234 2512 ιι
254 2447 375 2520 studio
408 2448 452 2520 ad
489 2450 753 2548 rempublicam
786 2449 987 2542 serebatur,
1025 2481 1041 2516 a
1082 2457 1248 2550 queritur

217 2601 234 2636 t<
256 2571 368 2644 multa
392 2571 543 2646 advorsa
564 2604 580 2639 a
601 2572 710 2646 fuisse
726 2600 735 2664 ;
753 2598 836 2648 nam
871 2606 888 2641 ι(
907 2601 974 2673 pro
1001 2574 1156 2674 pudore,
1179 2601 1246 2674 pro

217 2725 233 2760 a
257 2694 492 2784 abstinentia,
514 2703 734 2796 provirtute,
754 2698 919 2788 audacia,
932 2699 1087 2796 largitio,
1102 2705 1248 2774 avaritia

216 2849 231 2884 t
257 2820 423 2917 vigebant
444 2821 544 2918 (2).»
575 2827 653 2920 lpse
668 2828 840 2894 acerrime
861 2853 877 2888 a
901 2822 1103 2920 lubidinem
1127 2849 1248 2922 ganeae

212 2949 394 3042 ceterique
407 2945 548 3018 cultus»
560 2960 674 3034 notat,
691 2962 873 3024 etmorem
889 2947 992 3021 illum
1013 2962 1128 3024 «terra
1147 2954 1247 3024 mari·

212 3090 284 3162 que
294 3116 307 3150 ,
322 3065 488 3138 vescendi
501 3091 621 3158 causa,
635 3073 759 3140 omnia
777 3067 990 3166 exquirendi
1005 3067 1098 3163 (3).»
1120 3073 1246 3142 Miram

212 3209 297 3258 sane
314 3192 380 3258 viri
394 3186 680 3285 indignationem
694 3243 703 3277 ,
722 3195 787 3286 qui
801 3195 877 3290 ipse
891 3189 1100 3264 adolescens
1113 3196 1246 3288 patrias

212 3436 413 3530 praelectus,
444 3441 628 3526 sociorum
662 3436 758 3510 borsa
789 3443 940 3538 turpiter
970 3437 1135 3536 diripuit,
1163 3454 1243 3510 eta

209 3557 376 3631 Numidis
389 3558 488 3656 apud
500 3564 673 3634 Caesarem
688 3575 891 3651 accusatus,
911 3586 983 3632 non
998 3559 1101 3635 aliter
1111 3560 1244 3635 dicitur

243 3923 280 3989 (l)
301 3919 359 3975 Cot.
377 3924 409 3976 ta

244 4008 280 4080 (2)
300 4010 359 4065 Cat.
374 4013 398 4063 3.

243 4103 279 4169 (3)
297 4099 368 4156 lbid.
386 4105 427 4157 ld.
