2974 4746
651 448 812 505 -29-.

219 610 310 674 rimo
333 628 396 673 usu
421 607 587 701 proprius
605 602 909 698 ali‹.1trisor'utiorri
925 621 955 672 et
981 609 1123 700 ingenio
1143 614 1247 679 Cato·

217 732 273 798 nis
287 743 319 797 et
336 751 422 798 suus
441 739 494 795 est
512 723 677 812 babitus,
706 750 815 822 quam
846 726 975 796 multas
1008 734 1042 798 iu
1074 745 1245 830 promptu

216 843 346 922 babeat
361 848 550 920 Sallustius
571 865 715 939 notum,
734 858 796 947 qui
812 877 885 950 non
899 857 1070 923 Catonem
1089 870 1243 944 tantum,

217 975 276 1046 sed
299 979 462 1046 Graecum
487 972 734 1070 Thucydidem
767 974 925 1046 aenmlari
946 975 1012 1047 bac
1039 991 1139 1075 parte
1168 993 1244 1050 stu·

216 1095 344 1168 duerit.
361 1101 408 1168 Ut
421 1095 684 1178 aliadeficiant,
704 1122 778 1167 rem
795 1096 943 1169 abunde
969 1106 1151 1197 arguerint
1168 1108 1245 1199 ipsa

216 1220 377 1294 Catilium
395 1236 430 1292 et
452 1221 638 1316 Jugurtbae
664 1228 856 1319 prooemia.
885 1225 1008 1312 Quum
1039 1249 1122 1294 vero
1151 1225 1244 1300 iulra

218 1345 306 1415 mihi
319 1343 510 1416 afferendae
529 1360 564 1415 et
586 1369 670 1416 cum
693 1349 840 1417 Catonis
869 1343 1074 1442 fragmentis
1094 1373 1244 1446 compo·

217 1469 343 1540 neudae
367 1474 437 1540 sint
461 1467 582 1539 multae
604 1467 763 1540 Sallustii
785 1474 987 1557 sementim,
1015 1495 1113 1540 uuuo
1144 1470 1242 1543 aliud

216 1592 352 1663 notabo
368 1617 441 1662 nou
467 1597 586 1662 minus
602 1597 637 1662 iu
661 1606 817 1690 utroque
835 1595 984 1689 insigne,
1006 1592 1139 1664 scilicet
1166 1620 1244 1665 mo·

217 1741 288 1786 rem
317 1714 419 1788 illum
453 1714 679 1786 membratim
706 1715 851 1786 dicendi
871 1732 905 1788 et
930 1722 1241 1788 continuationem

216 1841 408 1912 verborum
423 1865 563 1937 semper
581 1839 779 1910 diuidendi.
801 1847 926 1911 eraerer
941 1865 980 1910 ea
1001 1843 1163 1936 quaejam
1179 1866 1242 1912 oc·

214 1981 421 2052 currerunt,
445 1989 558 2064 pauca
574 1964 738 2061 exempla
757 1963 864 2036 fulem
882 1963 1025 2036 facient.
1049 1969 1104 2052 Et,
1127 1989 1243 2063 quum

214 2091 332 2162 forsan
351 2095 458 2160 nimis
474 2105 582 2160 rionis
600 2096 644 2158 sit
666 2089 725 2160 ille
743 2088 787 2159 de
805 2092 847 2179 Q.
871 2088 1015 2158 Thermi
1033 2088 1245 2162 crudelitate

214 2211 328 2297 locus,
344 2228 405 2284 aut
420 2218 594 2284 orationis
611 2237 677 2311 pro
692 2211 964 2284 Rhodiensibus
985 2211 1241 2309 fragmentum,

215 2340 250 2407 iu
282 2337 417 2433 quibus
440 2337 581 2434 ubique
617 2337 727 2409 lracta
761 2352 794 2408 et
824 2350 1008 2434 arupututa
1035 2331 1150 2408 oratio
1175 2352 1240 2425 est,

213 2461 279 2532 alia
310 2461 487 2534 nonnulla
522 2488 668 2559 ponam.
692 2464 731 2532 ln
750 2469 916 2532 oratione
937 2476 1061 2531 routra
1087 2459 1240 2532 Galbam

214 2584 288 2656 baec
314 2601 398 2656 sunt
423 2611 505 2657 cum
527 2585 748 2683 quibusdam
770 2591 943 2656 orationis
964 2611 1030 2683 pro
1054 2585 1241 2656 Rhodien-

213 2707 313 2778 sibus
333 2709 451 2780 verbis
470 2733 555 2779 sane
574 2706 792 2780 conserenda
815 2736 823 2778 ε
849 2739 864 2772 r
887 2690 1020 2778 Tamen
1037 2706 1165 2778 dicunt
1178 2708 1241 2778 de·

215 2861 231 2894 «
260 2829 367 2902 ficere
382 2831 550 2903 voluisse.
570 2836 644 2929 Ego
660 2820 826 2902 manuue
841 2828 925 2898 volo
938 2831 998 2924 jus
1012 2827 1241 2926 pontificium

215 2984 232 3017 «
261 2961 398 3054 optime
423 2961 514 3026 scire
543 2957 693 3052 :jamne
720 2979 761 3026 ea
783 2977 890 3024 causa
915 2949 1074 3052 pontifex
1095 2953 1242 3051 capior?

215 3107 231 3140 α
260 3081 294 3148 Si
315 3077 399 3150 volo
413 3084 607 3177 augurium
628 3083 764 3176 optime
787 3092 922 3164 tenere,
943 3080 1067 3172 ecquis
1097 3099 1166 3165 me,
1192 3073 1242 3150 ob

216 3231 233 3265 «
262 3225 338 3272 eam
372 3227 539 3290 causam,
578 3227 751 3300 augurem
776 3202 949 3300 capiatis
977 3197 1153 3269 Eumtlem
1177 3198 1241 3270 ha·

213 3324 300 3396 beut
319 3325 477 3398 colorem
499 3328 573 3398 baec
590 3342 717 3398 contra
732 3325 884 3396 feminas
910 3325 962 3416 (ι)
984 3352 991 3393 :
1020 3353 1035 3386 n
1058 3326 1241 3419 Principio

216 3479 233 3514 «
261 3447 364 3519 vobis
391 3449 520 3521 mulier
545 3474 712 3546 magnam
739 3448 861 3520 dotem
891 3446 1031 3532 attulit;
1061 3459 1139 3514 tum
1167 3469 1241 3516 ma·

215 3603 232 3637 «
260 3598 367 3671 gnam
387 3577 578 3671 pecuniam
600 3576 736 3672 recipit,
755 3595 866 3669 quam
886 3576 922 3641 in
942 3575 1006 3640 viri
1030 3583 1239 3665 potestatem

215 3727 231 3762 a
262 3722 336 3767 non
369 3701 562 3768 committit
593 3724 599 3767 :
629 3720 707 3767 eam
746 3699 936 3793 pecuniam
970 3699 1240 3763 viromntuam

215 3851 231 3887 α
261 3821 347 3892 dat:
376 3835 498 3919 postea
520 3819 584 3890 obi
603 3823 692 3890 irata
716 3815 808 3890 sacta
830 3833 895 3906 est,
920 3841 1060 3888 servum
1088 3820 1238 3913 recepti·

247 4105 284 4172 (l)
303 4103 378 4158 Orat.
390 4120 440 4176 pro
455 4103 511 4174 lege
529 4103 654 4160 l'ocom'ui
664 4101 782 4172 Gellius,
796 4101 878 4172 XVH,
891 4104 916 4155 6.
