2974 4746
659 442 817 497 43..

222 609 323 680 esset,
349 600 555 691 geminavit,
577 613 776 684 utconssrc,
805 623 939 685 cossus,
965 600 1168 670 divissiones
1183 602 1247 697 (t).

223 721 295 788 Nec
320 719 477 790 Sallustii
501 735 640 791 tantum
661 738 695 792 et
727 721 866 820 Virgilii
893 722 960 792 fnit
976 724 1036 794 ille
1055 750 1150 808 mos;
1188 723 1248 795 sed

221 866 303 913 euin
334 874 350 907 «
380 848 563 914 Ciceronis
602 845 829 942 temporibus
854 846 1079 944 pattlnttttpte
1112 847 1201 919 infra
1230 881 1245 914 »

222 971 429 1062 viguisseex
457 967 584 1038 eotlem
609 968 824 1058 Quintiliani
849 966 931 1038 loco
956 983 1109 1040 constat.
1133 975 1247 1041 Etiam

222 1095 256 1159 in
276 1088 376 1160 libris
397 1091 442 1160 de
460 1097 683 1162 Institutione
703 1098 863 1162 oratorio
881 1099 891 1181 l
900 1097 927 1180 l,
950 1118 983 1188 7.
1001 1095 1062 1188 21)
1082 1093 1247 1192 legimns,

224 1242 240 1276 a
269 1219 417 1308 optimus
433 1220 613 1284 rrznximns
630 1228 668 1284 nt
681 1214 834 1285 mediam
848 1219 862 1284 i
875 1213 1041 1299 litteram,
1059 1241 1140 1311 qnoe
1155 1232 1248 1287 vete·

224 1367 240 1400 a
259 1335 359 1406 ribns
379 1365 403 1406 n
418 1336 548 1426 fuerat,
570 1343 646 1410 Caii
668 1344 825 1435 primum
845 1343 991 1409 Caesaris
1015 1344 1250 1439 inscriptione

224 1490 240 1524 (ι
259 1458 507 1533 tradifactum.
523 1494 539 1528 n
553 1463 677 1551 Quum
692 1478 814 1533 atatem
826 1486 889 1560 per
906 1467 1121 1533 Suetonium
1131 1477 1249 1563 pateat

220 1582 264 1654 ad
284 1583 481 1681 Caligulam
503 1600 663 1682 spectare
690 1585 797 1656 verba
827 1585 1044 1676 Quintiliani
1077 1585 1146 1683 (a),
1172 1612 1249 1659 cre·

220 1705 382 1778 (lendum
403 1732 488 1779 saue
507 1714 551 1778 sit
578 1724 687 1779 totam
709 1713 893 1780 Ciceronis
920 1713 1143 1805 Augustique
1165 1725 1249 1781 aeta·

221 1846 300 1902 tem·
321 1839 503 1930 scripsisse
518 1858 742 1922 mnirmnnrn,
759 1839 997 1918 rrenomnnm,
1018 1833 1118 1928 qnod
1138 1815 1248 1933 vulgo

220 1954 326 2041 nulli,
348 1962 416 2026 nisi
428 1956 597 2028 Sallustio
617 1974 646 2027 et
667 1957 848 2028 interdum
868 1956 1032 2054 Virgilio,
1059 1956 1244 2030 tribuitur.

218 2076 390 2170 Quamvis
408 2096 526 2152 autem
548 2081 674 2153 doceat
689 2081 939 2171 Quintilianus
954 2112 969 2144 α
993 2087 1149 2168 vortices,
1166 2107 1244 2153 ror·

221 2232 238 2266 a
250 2229 309 2273 sus
320 2219 509 2300 ceteraque
519 2206 562 2276 ad
583 2204 751 2277 eumdem
765 2205 928 2292 modum,
943 2211 1099 2304 primum
1111 2211 1246 2306 Scipio-

222 2333 237 2392 i
250 2352 330 2400 nem
340 2329 548 2402 Alricamuu
559 2337 593 2402 in
604 2361 622 2402 r
634 2331 987 2403 litteramsecnmlam
997 2337 1139 2402 vertisse
1148 2330 1216 2428 (3);
1227 2362 1242 2395 n

218 2461 381 2549 quamvis
403 2480 442 2526 ex
462 2456 516 2526 his
541 2456 752 2528 nominibus
772 2455 892 2546 arbos,
908 2455 1021 2541 itibus,
1038 2483 1160 2554 vapos,
1175 2472 1242 2528 etc.

216 2578 396 2650 exclusam
413 2580 521 2653 luisse
543 2581 699 2652 litteram
720 2608 736 2650 s
754 2597 915 2669 moneat;
938 2582 1243 2678 qnaedamtamcn

219 2720 256 2775 ut
275 2707 396 2794 Itonos,
415 2721 548 2793 vortex,
570 2711 675 2776 etiarn
692 2711 728 2775 in
750 2710 949 2792 Cicerone,
975 2711 1076 2777 Livio
1091 2704 1244 2801 aliisque

216 2845 426 2900 occurrunt.
462 2831 550 2919 Quae
583 2831 692 2927 igitur
724 2829 856 2900 horum
896 2835 932 2900 in
973 2829 1143 2902 Sallustio
1184 2837 1245 2902 tri-

217 2951 362 3023 buenda
408 2958 591 3024 vetustatis
637 2950 877 3040 affectabam,
921 2980 1001 3051 quae
1047 2979 1133 3026 vcro
1176 2959 1242 3054 ipsi

215 3076 407 3172 aeqnalium
430 3083 544 3176 ipsins
562 3077 681 3148 mori?

262 3201 434 3272 Praeterea
462 3200 822 3273 animadvertendum
849 3227 922 3272 non
944 3226 1085 3299 semper
1116 3201 1183 3273 sibi
1204 3208 1239 3274 in

213 3321 412 3394 scribendis
439 3323 508 3394 illis
541 3325 754 3396 nominibus
783 3330 984 3396 constitisse
1018 3324 1240 3397 Sallustium.

248 3673 283 3746 (t)
302 3671 581 3743 Quintilianusdnst.
599 3679 669 3728 orat.
686 3672 933 3743 natationis,
952 3673 1029 3727 Noct.
1046 3679 1094 3728 att.
1112 3673 1183 3740 xm,
1196 3677 1240 3730 20.

212 3762 332 3829 Servius
344 3763 377 3818 ad
388 3761 499 3818 AEneid.

249 3853 288 3921 (t)
305 3852 450 3909 Suetonius
463 3851 505 3920 (0.
521 3851 622 3920 Coesar,
635 3855 705 3919 xxn)
716 3869 748 3906 :c
765 3850 954 3924 Compluribus
978 3851 1180 3922 cognominibus
1202 3868 1243 3906 as-

211 3942 326 4014 sumptis
335 3944 409 4009 (nam
422 3949 449 3998 at
464 3942 537 4013 Pius,
551 3947 735 3998 etcastrorum
749 3939 834 4012 fitius,
847 3947 874 3996 et
886 3946 962 4012 pater
974 3941 1148 4012 exarcituum,
1160 3947 1242 4013 etop-

211 4031 292 4086 timns
301 4022 434 4088 maximus
446 4031 536 4114 Caesar
550 4032 737 4100 vocabalum.»

247 4119 591 4194 mmmmm
