<?xml version="1.0" encoding="UTF-8"?>
<!DOCTYPE html PUBLIC "-//W3C//DTD XHTML 1.0 Transitional//EN"
    "http://www.w3.org/TR/xhtml1/DTD/xhtml1-transitional.dtd">
<html xmlns="http://www.w3.org/1999/xhtml" xml:lang="en" lang="en">
 <head>
  <title>
</title>
<meta http-equiv="Content-Type" content="text/html;charset=utf-8" />
  <meta name='ocr-system' content='tesseract 3.04.00' />
  <meta name='ocr-capabilities' content='ocr_page ocr_carea ocr_par ocr_line ocrx_word'/>
</head>
<body>
  <div class='ocr_page' id='page_1' title='image "./desallustiocato00deltgoog_0077.png"; bbox 0 0 2974 4746; ppageno 0'>
   <div class='ocr_carea' id='block_1_1' title="bbox 689 448 846 508">
    <p class='ocr_par' dir='ltr' id='par_1_1' title="bbox 689 448 846 508">
     <span class='ocr_line' id='line_1_1' title="bbox 689 448 846 508; baseline -0.019 -1"><span class='ocrx_word' id='word_1_1' title='bbox 689 448 846 508; x_wconf 55' lang='lat' dir='ltr'>u-tilr—</span> 
     </span>
    </p>
   </div>
   <div class='ocr_carea' id='block_1_2' title="bbox 183 600 1287 3422">
    <p class='ocr_par' dir='ltr' id='par_1_2' title="bbox 183 600 1287 3172">
     <span class='ocr_line' id='line_1_2' title="bbox 253 600 1285 700; baseline 0.006 -26"><span class='ocrx_word' id='word_1_2' title='bbox 253 600 454 699; x_wconf 84' lang='lat' dir='ltr'>aliosque«</span> <span class='ocrx_word' id='word_1_3' title='bbox 478 600 718 676; x_wconf 80' lang='lat' dir='ltr'>doctissumus</span> <span class='ocrx_word' id='word_1_4' title='bbox 744 637 761 670; x_wconf 88' lang='lat'>»</span> <span class='ocrx_word' id='word_1_5' title='bbox 787 603 903 676; x_wconf 88' lang='lat' dir='ltr'>dictos</span> <span class='ocrx_word' id='word_1_6' title='bbox 919 601 971 700; x_wconf 78' lang='lat' dir='ltr'>(r)</span> <span class='ocrx_word' id='word_1_7' title='bbox 993 604 1219 698; x_wconf 84' lang='lat' dir='ltr'>recensebat,</span> <span class='ocrx_word' id='word_1_8' title='bbox 1250 622 1285 680; x_wconf 87' lang='lat' dir='ltr'>et</span> 
     </span>
     <span class='ocr_line' id='line_1_3' title="bbox 255 727 1286 827; baseline 0.006 -31"><span class='ocrx_word' id='word_1_9' title='bbox 255 741 436 824; x_wconf 74' lang='lat' dir='ltr'>praeterea,</span> <span class='ocrx_word' id='word_1_10' title='bbox 455 742 492 797; x_wconf 91' lang='lat' dir='ltr'>nt</span> <span class='ocrx_word' id='word_1_11' title='bbox 514 733 548 798; x_wconf 91' lang='lat' dir='ltr'>in</span> <span class='ocrx_word' id='word_1_12' title='bbox 573 733 751 826; x_wconf 87' lang='lat' dir='ltr'>prooemio</span> <span class='ocrx_word' id='word_1_13' title='bbox 776 727 941 800; x_wconf 76' lang='lat' dir='ltr'>(utiliora</span> <span class='ocrx_word' id='word_1_14' title='bbox 956 729 1023 822; x_wconf 82' lang='lat' dir='ltr'>(a),</span> <span class='ocrx_word' id='word_1_15' title='bbox 1045 729 1286 827; x_wconf 81' lang='lat' dir='ltr'>proli&#39;telratur</span> 
     </span>
     <span class='ocr_line' id='line_1_4' title="bbox 258 848 1285 949; baseline 0.008 -31"><span class='ocrx_word' id='word_1_16' title='bbox 258 879 274 912; x_wconf 86' lang='lat'>«</span> <span class='ocrx_word' id='word_1_17' title='bbox 295 848 475 922; x_wconf 81' lang='lat' dir='ltr'>divorsam</span> <span class='ocrx_word' id='word_1_18' title='bbox 503 867 637 948; x_wconf 88' lang='lat' dir='ltr'>partem</span> <span class='ocrx_word' id='word_1_19' title='bbox 653 852 666 926; x_wconf 91' lang='lat'><em>(</em></span> <span class='ocrx_word' id='word_1_20' title='bbox 670 851 703 922; x_wconf 90' lang='lat' dir='ltr'>id</span> <span class='ocrx_word' id='word_1_21' title='bbox 728 865 782 922; x_wconf 87' lang='lat' dir='ltr'>est</span> <span class='ocrx_word' id='word_1_22' title='bbox 803 851 1032 949; x_wconf 76' lang='lat' dir='ltr'>popularem)</span> <span class='ocrx_word' id='word_1_23' title='bbox 1055 859 1091 922; x_wconf 94' lang='lat' dir='ltr'>in</span> <span class='ocrx_word' id='word_1_24' title='bbox 1118 855 1285 926; x_wconf 87' lang='lat' dir='ltr'>civilibus</span> 
     </span>
     <span class='ocr_line' id='line_1_5' title="bbox 258 973 1283 1072; baseline 0.005 -28"><span class='ocrx_word' id='word_1_25' title='bbox 258 1002 275 1035; x_wconf 73' lang='grc' dir='ltr'>(ι</span> <span class='ocrx_word' id='word_1_26' title='bbox 286 979 395 1046; x_wconf 90' lang='lat' dir='ltr'>armis</span> <span class='ocrx_word' id='word_1_27' title='bbox 405 979 522 1072; x_wconf 88' lang='lat' dir='ltr'>ipsum</span> <span class='ocrx_word' id='word_1_28' title='bbox 533 1000 606 1046; x_wconf 94' lang='lat' dir='ltr'>non</span> <span class='ocrx_word' id='word_1_29' title='bbox 619 980 894 1046; x_wconf 87' lang='lat' dir='ltr'>movisseavero</span> <span class='ocrx_word' id='word_1_30' title='bbox 905 973 972 1070; x_wconf 89' lang='lat'>(3).</span> <span class='ocrx_word' id='word_1_31' title='bbox 989 1006 1006 1040; x_wconf 76' lang='lat' dir='ltr'>n</span> <span class='ocrx_word' id='word_1_32' title='bbox 1017 976 1283 1050; x_wconf 88' lang='lat' dir='ltr'>Deindererum</span> 
     </span>
     <span class='ocr_line' id='line_1_6' title="bbox 256 1087 1284 1196; baseline 0.005 -29"><span class='ocrx_word' id='word_1_33' title='bbox 256 1123 351 1194; x_wconf 83' lang='lat' dir='ltr'>qnae,</span> <span class='ocrx_word' id='word_1_34' title='bbox 380 1103 428 1172; x_wconf 87' lang='grc' dir='ltr'>Μ.</span> <span class='ocrx_word' id='word_1_35' title='bbox 453 1098 590 1196; x_wconf 84' lang='lat' dir='ltr'>Lepido</span> <span class='ocrx_word' id='word_1_36' title='bbox 614 1098 779 1188; x_wconf 81' lang='lat' dir='ltr'>consule,</span> <span class='ocrx_word' id='word_1_37' title='bbox 799 1121 948 1170; x_wconf 86' lang='lat' dir='ltr'>evenere</span> <span class='ocrx_word' id='word_1_38' title='bbox 968 1087 1122 1196; x_wconf 82' lang='lat' dir='ltr'>origines</span> <span class='ocrx_word' id='word_1_39' title='bbox 1140 1125 1284 1174; x_wconf 88' lang='lat' dir='ltr'>causas·</span> 
     </span>
     <span class='ocr_line' id='line_1_7' title="bbox 256 1221 1285 1321; baseline 0.006 -31"><span class='ocrx_word' id='word_1_40' title='bbox 256 1245 328 1317; x_wconf 88' lang='lat' dir='ltr'>qne</span> <span class='ocrx_word' id='word_1_41' title='bbox 346 1227 580 1321; x_wconf 63' lang='lat' dir='ltr'>r·epetitrrrns,=</span> <span class='ocrx_word' id='word_1_42' title='bbox 592 1228 730 1320; x_wconf 83' lang='lat' dir='ltr'><strong>priores</strong></span> <span class='ocrx_word' id='word_1_43' title='bbox 743 1221 789 1294; x_wconf 78' lang='lat' dir='ltr'>cle</span> <span class='ocrx_word' id='word_1_44' title='bbox 809 1221 974 1294; x_wconf 86' lang='lat' dir='ltr'>libertate</span> <span class='ocrx_word' id='word_1_45' title='bbox 987 1238 1021 1292; x_wconf 89' lang='lat' dir='ltr'>et</span> <span class='ocrx_word' id='word_1_46' title='bbox 1035 1222 1285 1298; x_wconf 79' lang='lat' dir='ltr'>dominatione</span> 
     </span>
     <span class='ocr_line' id='line_1_8' title="bbox 256 1344 1286 1435; baseline 0.003 -19"><span class='ocrx_word' id='word_1_47' title='bbox 256 1345 511 1435; x_wconf 76' lang='lat' dir='ltr'>dissensiones,</span> <span class='ocrx_word' id='word_1_48' title='bbox 538 1345 675 1416; x_wconf 88' lang='lat' dir='ltr'>bellum</span> <span class='ocrx_word' id='word_1_49' title='bbox 705 1344 856 1433; x_wconf 86' lang='lat' dir='ltr'>sociale,</span> <span class='ocrx_word' id='word_1_50' title='bbox 888 1345 1026 1417; x_wconf 91' lang='lat' dir='ltr'>belltnn</span> <span class='ocrx_word' id='word_1_51' title='bbox 1054 1347 1156 1418; x_wconf 89' lang='lat' dir='ltr'>civile</span> <span class='ocrx_word' id='word_1_52' title='bbox 1192 1353 1286 1419; x_wconf 82' lang='lat' dir='ltr'>inter</span> 
     </span>
     <span class='ocr_line' id='line_1_9' title="bbox 257 1468 1285 1568; baseline 0 -28"><span class='ocrx_word' id='word_1_53' title='bbox 257 1473 411 1540; x_wconf 86' lang='lat' dir='ltr'>Marium</span> <span class='ocrx_word' id='word_1_54' title='bbox 435 1485 470 1540; x_wconf 88' lang='lat' dir='ltr'>et</span> <span class='ocrx_word' id='word_1_55' title='bbox 495 1468 644 1566; x_wconf 82' lang='lat' dir='ltr'>Syllam,</span> <span class='ocrx_word' id='word_1_56' title='bbox 669 1468 773 1566; x_wconf 60' lang='lat' dir='ltr'>Syllae</span> <span class='ocrx_word' id='word_1_57' title='bbox 802 1468 1015 1540; x_wconf 74' lang='lat' dir='ltr'><strong>dictaturam</strong></span> <span class='ocrx_word' id='word_1_58' title='bbox 1045 1484 1080 1540; x_wconf 89' lang='lat' dir='ltr'>et</span> <span class='ocrx_word' id='word_1_59' title='bbox 1110 1477 1285 1568; x_wconf 88' lang='lat' dir='ltr'>proscrip-</span> 
     </span>
     <span class='ocr_line' id='line_1_10' title="bbox 183 1589 1286 1692; baseline 0.002 -30"><span class='ocrx_word' id='word_1_60' title='bbox 183 1589 185 1596; x_wconf 79' lang='grc'><strong>’</strong></span> <span class='ocrx_word' id='word_1_61' title='bbox 257 1597 386 1678; x_wconf 83' lang='lat' dir='ltr'>tiones,</span> <span class='ocrx_word' id='word_1_62' title='bbox 415 1591 571 1662; x_wconf 84' lang='lat' dir='ltr'>breviter</span> <span class='ocrx_word' id='word_1_63' title='bbox 593 1591 807 1692; x_wconf 74' lang='lat' dir='ltr'>explicabat,</span> <span class='ocrx_word' id='word_1_64' title='bbox 836 1598 886 1664; x_wconf 89' lang='lat' dir='ltr'>sic</span> <span class='ocrx_word' id='word_1_65' title='bbox 915 1597 1286 1690; x_wconf 84' lang='lat' dir='ltr'>qnoqueCatonianae</span> 
     </span>
     <span class='ocr_line' id='line_1_11' title="bbox 259 1713 1281 1813; baseline 0.002 -28"><span class='ocrx_word' id='word_1_66' title='bbox 259 1721 406 1788; x_wconf 88' lang='lat' dir='ltr'>rationis</span> <span class='ocrx_word' id='word_1_67' title='bbox 420 1741 564 1813; x_wconf 75' lang='lat' dir='ltr'>suaeque</span> <span class='ocrx_word' id='word_1_68' title='bbox 579 1720 614 1786; x_wconf 94' lang='lat' dir='ltr'>in</span> <span class='ocrx_word' id='word_1_69' title='bbox 638 1715 798 1788; x_wconf 71' lang='lat' dir='ltr'>Catilinae</span> <span class='ocrx_word' id='word_1_70' title='bbox 813 1728 848 1784; x_wconf 91' lang='lat' dir='ltr'>et</span> <span class='ocrx_word' id='word_1_71' title='bbox 858 1715 1042 1810; x_wconf 78' lang='lat' dir='ltr'>Jugurtlrae</span> <span class='ocrx_word' id='word_1_72' title='bbox 1053 1713 1151 1785; x_wconf 90' lang='lat' dir='ltr'>bello</span> <span class='ocrx_word' id='word_1_73' title='bbox 1165 1731 1281 1788; x_wconf 89' lang='lat' dir='ltr'>tenax.</span> 
     </span>
     <span class='ocr_line' id='line_1_12' title="bbox 257 1837 1286 1938; baseline 0.002 -29"><span class='ocrx_word' id='word_1_74' title='bbox 257 1839 353 1919; x_wconf 81' lang='lat' dir='ltr'>Illud</span> <span class='ocrx_word' id='word_1_75' title='bbox 381 1865 464 1911; x_wconf 87' lang='lat' dir='ltr'>vero</span> <span class='ocrx_word' id='word_1_76' title='bbox 489 1844 667 1916; x_wconf 84' lang='lat' dir='ltr'>evincitur</span> <span class='ocrx_word' id='word_1_77' title='bbox 694 1837 836 1936; x_wconf 81' lang='lat' dir='ltr'>aliquot</span> <span class='ocrx_word' id='word_1_78' title='bbox 862 1839 991 1938; x_wconf 88' lang='lat' dir='ltr'>amplis</span> <span class='ocrx_word' id='word_1_79' title='bbox 1019 1839 1286 1938; x_wconf 72' lang='lat' dir='ltr'>luculentisque</span> 
     </span>
     <span class='ocr_line' id='line_1_13' title="bbox 259 1963 1285 2061; baseline -0.006 -21"><span class='ocrx_word' id='word_1_80' title='bbox 259 1963 488 2061; x_wconf 68' lang='lat' dir='ltr'>fragmentis,</span> <span class='ocrx_word' id='word_1_81' title='bbox 507 1963 573 2036; x_wconf 87' lang='lat' dir='ltr'>ubi</span> <span class='ocrx_word' id='word_1_82' title='bbox 591 1963 635 2036; x_wconf 80' lang='lat' dir='ltr'>tle</span> <span class='ocrx_word' id='word_1_83' title='bbox 651 1967 796 2035; x_wconf 84' lang='lat' dir='ltr'>avaritia</span> <span class='ocrx_word' id='word_1_84' title='bbox 815 1977 850 2036; x_wconf 92' lang='lat' dir='ltr'>et</span> <span class='ocrx_word' id='word_1_85' title='bbox 864 1963 1068 2057; x_wconf 78' lang='lat' dir='ltr'>ambitione</span> <span class='ocrx_word' id='word_1_86' title='bbox 1085 1963 1193 2036; x_wconf 86' lang='lat' dir='ltr'>multa</span> <span class='ocrx_word' id='word_1_87' title='bbox 1214 1970 1285 2036; x_wconf 74' lang='lat' dir='ltr'>Ca·</span> 
     </span>
     <span class='ocr_line' id='line_1_14' title="bbox 198 2086 1286 2185; baseline 0.002 -28"><span class='ocrx_word' id='word_1_88' title='bbox 198 2086 213 2110; x_wconf 83' lang='lat'>⁸</span> <span class='ocrx_word' id='word_1_89' title='bbox 259 2089 367 2159; x_wconf 72' lang='lat' dir='ltr'>tilium</span> <span class='ocrx_word' id='word_1_90' title='bbox 382 2104 414 2160; x_wconf 92' lang='lat' dir='ltr'>et</span> <span class='ocrx_word' id='word_1_91' title='bbox 432 2088 620 2185; x_wconf 69' lang='lat' dir='ltr'>Iugurthae</span> <span class='ocrx_word' id='word_1_92' title='bbox 637 2092 838 2160; x_wconf 72' lang='lat' dir='ltr'>«censoriis</span> <span class='ocrx_word' id='word_1_93' title='bbox 853 2087 1104 2160; x_wconf 87' lang='lat' dir='ltr'>notationibus</span> <span class='ocrx_word' id='word_1_94' title='bbox 1122 2119 1138 2154; x_wconf 74' lang='lat' dir='ltr'>n</span> <span class='ocrx_word' id='word_1_95' title='bbox 1157 2088 1286 2160; x_wconf 85' lang='lat' dir='ltr'>similia</span> 
     </span>
     <span class='ocr_line' id='line_1_15' title="bbox 258 2211 1285 2295; baseline 0.001 -14"><span class='ocrx_word' id='word_1_96' title='bbox 258 2217 505 2284; x_wconf 87' lang='lat' dir='ltr'>inveniuntur.</span> <span class='ocrx_word' id='word_1_97' title='bbox 520 2217 646 2282; x_wconf 81' lang='lat' dir='ltr'>Postea</span> <span class='ocrx_word' id='word_1_98' title='bbox 672 2225 807 2295; x_wconf 77' lang='lat' dir='ltr'>ornem,</span> <span class='ocrx_word' id='word_1_99' title='bbox 828 2215 1059 2284; x_wconf 88' lang='lat' dir='ltr'>constitutam</span> <span class='ocrx_word' id='word_1_100' title='bbox 1085 2211 1153 2282; x_wconf 89' lang='lat' dir='ltr'>sibi</span> <span class='ocrx_word' id='word_1_101' title='bbox 1175 2227 1285 2284; x_wconf 89' lang='lat' dir='ltr'>mate-</span> 
     </span>
     <span class='ocr_line' id='line_1_16' title="bbox 259 2334 1285 2434; baseline -0.002 -27"><span class='ocrx_word' id='word_1_102' title='bbox 259 2343 346 2410; x_wconf 86' lang='lat' dir='ltr'>rianr</span> <span class='ocrx_word' id='word_1_103' title='bbox 365 2337 528 2424; x_wconf 88' lang='lat' dir='ltr'>adortus,</span> <span class='ocrx_word' id='word_1_104' title='bbox 546 2341 699 2434; x_wconf 88' lang='lat' dir='ltr'>scriptor</span> <span class='ocrx_word' id='word_1_105' title='bbox 713 2334 838 2433; x_wconf 81' lang='lat' dir='ltr'>Lepidi</span> <span class='ocrx_word' id='word_1_106' title='bbox 854 2335 979 2408; x_wconf 87' lang='lat' dir='ltr'>turbas</span> <span class='ocrx_word' id='word_1_107' title='bbox 1001 2335 1285 2409; x_wconf 74' lang='lat' dir='ltr'>etbellnm&#39;Ser·</span> 
     </span>
     <span class='ocr_line' id='line_1_17' title="bbox 259 2459 1287 2560; baseline -0.002 -29"><span class='ocrx_word' id='word_1_108' title='bbox 259 2465 455 2548; x_wconf 83' lang='lat' dir='ltr'>turianum,</span> <span class='ocrx_word' id='word_1_109' title='bbox 473 2465 589 2558; x_wconf 89' lang='lat' dir='ltr'>ipsum</span> <span class='ocrx_word' id='word_1_110' title='bbox 608 2483 758 2556; x_wconf 90' lang='lat' dir='ltr'>quoqne</span> <span class='ocrx_word' id='word_1_111' title='bbox 772 2459 818 2530; x_wconf 86' lang='lat' dir='ltr'>ab</span> <span class='ocrx_word' id='word_1_112' title='bbox 833 2464 944 2530; x_wconf 86' lang='lat' dir='ltr'>initiis</span> <span class='ocrx_word' id='word_1_113' title='bbox 962 2467 1166 2560; x_wconf 89' lang='lat' dir='ltr'>repetitum,</span> <span class='ocrx_word' id='word_1_114' title='bbox 1184 2484 1287 2530; x_wconf 87' lang='lat' dir='ltr'>enar·</span> 
     </span>
     <span class='ocr_line' id='line_1_18' title="bbox 258 2581 1285 2683; baseline -0.002 -27"><span class='ocrx_word' id='word_1_115' title='bbox 258 2585 372 2656; x_wconf 86' lang='lat' dir='ltr'>rabat.</span> <span class='ocrx_word' id='word_1_116' title='bbox 402 2589 524 2676; x_wconf 90' lang='lat' dir='ltr'>Quum</span> <span class='ocrx_word' id='word_1_117' title='bbox 543 2607 627 2654; x_wconf 89' lang='lat' dir='ltr'>vero</span> <span class='ocrx_word' id='word_1_118' title='bbox 653 2589 768 2653; x_wconf 81' lang='lat' dir='ltr'>totum</span> <span class='ocrx_word' id='word_1_119' title='bbox 794 2581 1069 2683; x_wconf 88' lang='lat' dir='ltr'>Sallustii.opus</span> <span class='ocrx_word' id='word_1_120' title='bbox 1095 2599 1130 2655; x_wconf 84' lang='lat' dir='ltr'>et</span> <span class='ocrx_word' id='word_1_121' title='bbox 1155 2582 1285 2681; x_wconf 80' lang='lat' dir='ltr'>proba·</span> 
     </span>
     <span class='ocr_line' id='line_1_19' title="bbox 259 2704 1286 2804; baseline -0.004 -25"><span class='ocrx_word' id='word_1_122' title='bbox 259 2708 370 2780; x_wconf 88' lang='lat' dir='ltr'>bilem</span> <span class='ocrx_word' id='word_1_123' title='bbox 411 2733 530 2780; x_wconf 91' lang='lat' dir='ltr'>rerum</span> <span class='ocrx_word' id='word_1_124' title='bbox 573 2704 738 2778; x_wconf 83' lang='lat' dir='ltr'>ordinem</span> <span class='ocrx_word' id='word_1_125' title='bbox 781 2712 948 2804; x_wconf 86' lang='lat' dir='ltr'>persequi</span> <span class='ocrx_word' id='word_1_126' title='bbox 998 2706 1087 2777; x_wconf 81' lang='lat' dir='ltr'>milri</span> <span class='ocrx_word' id='word_1_127' title='bbox 1127 2732 1201 2777; x_wconf 92' lang='lat' dir='ltr'>uon</span> <span class='ocrx_word' id='word_1_128' title='bbox 1241 2712 1286 2776; x_wconf 90' lang='lat' dir='ltr'>sit</span> 
     </span>
     <span class='ocr_line' id='line_1_20' title="bbox 261 2829 1285 2930; baseline 0.001 -31"><span class='ocrx_word' id='word_1_129' title='bbox 261 2838 502 2930; x_wconf 86' lang='lat' dir='ltr'>propositum,</span> <span class='ocrx_word' id='word_1_130' title='bbox 520 2856 601 2928; x_wconf 84' lang='lat' dir='ltr'>qnae</span> <span class='ocrx_word' id='word_1_131' title='bbox 615 2829 659 2902; x_wconf 89' lang='lat' dir='ltr'>ad</span> <span class='ocrx_word' id='word_1_132' title='bbox 675 2829 856 2916; x_wconf 90' lang='lat' dir='ltr'>locorum,</span> <span class='ocrx_word' id='word_1_133' title='bbox 878 2855 1037 2918; x_wconf 87' lang='lat' dir='ltr'>morum,</span> <span class='ocrx_word' id='word_1_134' title='bbox 1057 2836 1285 2926; x_wconf 82' lang='lat' dir='ltr'>ingeniorum</span> 
     </span>
     <span class='ocr_line' id='line_1_21' title="bbox 259 2951 1284 3052; baseline -0.004 -28"><span class='ocrx_word' id='word_1_135' title='bbox 259 2951 1284 3052; x_wconf 64' lang='lat' dir='ltr'>descriptionemspectant,ideoqueOrrgiuuminstitutum</span> 
     </span>
     <span class='ocr_line' id='line_1_22' title="bbox 202 3073 895 3172; baseline -0.009 -23"><span class='ocrx_word' id='word_1_136' title='bbox 202 3097 205 3104; x_wconf 56' lang='lat'><strong>⁴</strong></span> <span class='ocrx_word' id='word_1_137' title='bbox 261 3077 433 3165; x_wconf 70' lang='lat' dir='ltr'>referunt,</span> <span class='ocrx_word' id='word_1_138' title='bbox 448 3082 621 3172; x_wconf 81' lang='lat' dir='ltr'>attingere</span> <span class='ocrx_word' id='word_1_139' title='bbox 639 3079 722 3146; x_wconf 88' lang='lat' dir='ltr'>satis</span> <span class='ocrx_word' id='word_1_140' title='bbox 736 3073 895 3144; x_wconf 88' lang='lat' dir='ltr'>habebo.</span> 
     </span>
    </p>

    <p class='ocr_par' dir='ltr' id='par_1_3' title="bbox 261 3197 1287 3422">
     <span class='ocr_line' id='line_1_23' title="bbox 309 3197 1286 3299; baseline -0.003 -29"><span class='ocrx_word' id='word_1_141' title='bbox 309 3205 433 3299; x_wconf 83' lang='lat' dir='ltr'>Igitur,</span> <span class='ocrx_word' id='word_1_142' title='bbox 452 3199 497 3272; x_wconf 89' lang='lat' dir='ltr'>de</span> <span class='ocrx_word' id='word_1_143' title='bbox 512 3202 671 3272; x_wconf 89' lang='lat' dir='ltr'>Sertorio·</span> <span class='ocrx_word' id='word_1_144' title='bbox 683 3197 847 3268; x_wconf 77' lang='lat' dir='ltr'>(licturus</span> <span class='ocrx_word' id='word_1_145' title='bbox 861 3251 870 3287; x_wconf 90' lang='lat'>,</span> <span class='ocrx_word' id='word_1_146' title='bbox 887 3202 999 3295; x_wconf 91' lang='lat' dir='ltr'>ipsius</span> <span class='ocrx_word' id='word_1_147' title='bbox 1016 3203 1172 3295; x_wconf 91' lang='lat' dir='ltr'>primum</span> <span class='ocrx_word' id='word_1_148' title='bbox 1187 3202 1286 3294; x_wconf 83' lang='lat' dir='ltr'>inge·</span> 
     </span>
     <span class='ocr_line' id='line_1_24' title="bbox 261 3317 1287 3422; baseline -0.004 -26"><span class='ocrx_word' id='word_1_149' title='bbox 261 3331 360 3397; x_wconf 89' lang='lat' dir='ltr'>nium</span> <span class='ocrx_word' id='word_1_150' title='bbox 400 3317 631 3422; x_wconf 76' lang='lat' dir='ltr'>prioremque</span> <span class='ocrx_word' id='word_1_151' title='bbox 674 3326 779 3393; x_wconf 85' lang='lat' dir='ltr'>vitam</span> <span class='ocrx_word' id='word_1_152' title='bbox 808 3319 1011 3391; x_wconf 82' lang='lat' dir='ltr'>illustrabat</span> <span class='ocrx_word' id='word_1_153' title='bbox 1045 3320 1112 3417; x_wconf 70' lang='lat'>(4),</span> <span class='ocrx_word' id='word_1_154' title='bbox 1146 3335 1179 3390; x_wconf 91' lang='lat' dir='ltr'>et</span> <span class='ocrx_word' id='word_1_155' title='bbox 1212 3346 1287 3416; x_wconf 86' lang='lat' dir='ltr'>quo</span> 
     </span>
    </p>
   </div>
   <div class='ocr_carea' id='block_1_3' title="bbox 190 3651 1289 3730">
    <p class='ocr_par' dir='ltr' id='par_1_4' title="bbox 190 3651 1289 3730">
     <span class='ocr_line' id='line_1_25' title="bbox 190 3651 1289 3730; baseline -0.013 -12"><span class='ocrx_word' id='word_1_156' title='bbox 190 3695 192 3701; x_wconf 92' lang='lat'>·</span> <span class='ocrx_word' id='word_1_157' title='bbox 296 3665 333 3730; x_wconf 88' lang='lat' dir='ltr'>(t)</span> <span class='ocrx_word' id='word_1_158' title='bbox 351 3660 471 3730; x_wconf 84' lang='lat' dir='ltr'>Servius,</span> <span class='ocrx_word' id='word_1_159' title='bbox 486 3657 602 3727; x_wconf 79' lang='lat' dir='ltr'>advirg.</span> <span class='ocrx_word' id='word_1_160' title='bbox 618 3657 681 3711; x_wconf 80' lang='lat' dir='ltr'>AEn.</span> <span class='ocrx_word' id='word_1_161' title='bbox 696 3653 730 3722; x_wconf 86' lang='lat' dir='ltr'>ll,</span> <span class='ocrx_word' id='word_1_162' title='bbox 741 3657 774 3708; x_wconf 83' lang='grc'>89</span> <span class='ocrx_word' id='word_1_163' title='bbox 788 3671 793 3707; x_wconf 94' lang='lat'><strong>:</strong></span> <span class='ocrx_word' id='word_1_164' title='bbox 807 3673 821 3702; x_wconf 80' lang='lat' dir='ltr'>u</span> <span class='ocrx_word' id='word_1_165' title='bbox 832 3651 886 3707; x_wconf 84' lang='lat' dir='ltr'>Nos</span> <span class='ocrx_word' id='word_1_166' title='bbox 896 3651 923 3706; x_wconf 92' lang='lat' dir='ltr'>in</span> <span class='ocrx_word' id='word_1_167' title='bbox 935 3658 1007 3708; x_wconf 86' lang='lat' dir='ltr'>tanta</span> <span class='ocrx_word' id='word_1_168' title='bbox 1015 3651 1236 3708; x_wconf 79' lang='lat' dir='ltr'>doctissumorum</span> <span class='ocrx_word' id='word_1_169' title='bbox 1248 3651 1289 3706; x_wconf 69' lang='lat' dir='ltr'>lao-</span> 
     </span>
    </p>
   </div>
   <div class='ocr_carea' id='block_1_4' title="bbox 219 3749 485 3820">
    <p class='ocr_par' dir='ltr' id='par_1_5' title="bbox 219 3749 485 3820">
     <span class='ocr_line' id='line_1_26' title="bbox 219 3749 485 3820; baseline -0.034 -12"><span class='ocrx_word' id='word_1_170' title='bbox 219 3773 221 3779; x_wconf 94' lang='lat'>·</span> <span class='ocrx_word' id='word_1_171' title='bbox 260 3749 485 3820; x_wconf 80' lang='lat' dir='ltr'>minumcopia.»</span> 
     </span>
    </p>
   </div>
   <div class='ocr_carea' id='block_1_5' title="bbox 296 3838 1288 4000">
    <p class='ocr_par' dir='ltr' id='par_1_6' title="bbox 296 3838 1288 4000">
     <span class='ocr_line' id='line_1_27' title="bbox 296 3838 1288 4000; baseline -0.011 -17"><span class='ocrx_word' id='word_1_172' title='bbox 296 3843 333 4000; x_wconf 62' lang='lat' dir='ltr'>lii</span> <span class='ocrx_word' id='word_1_173' title='bbox 351 3838 519 3996; x_wconf 57' lang='lat' dir='ltr'>‹illiqllems</span> <span class='ocrx_word' id='word_1_174' title='bbox 528 3923 635 3978; x_wconf 82' lang='lat' dir='ltr'>divorsa</span> <span class='ocrx_word' id='word_1_175' title='bbox 648 3919 745 3993; x_wconf 84' lang='lat' dir='ltr'>persio</span> <span class='ocrx_word' id='word_1_176' title='bbox 754 3917 879 3976; x_wconf 79' lang='lat' dir='ltr'>civilibus</span> <span class='ocrx_word' id='word_1_177' title='bbox 888 3911 969 3974; x_wconf 85' lang='lat' dir='ltr'>armis</span> <span class='ocrx_word' id='word_1_178' title='bbox 983 3919 1066 3975; x_wconf 88' lang='lat' dir='ltr'>movit</span> <span class='ocrx_word' id='word_1_179' title='bbox 1076 3935 1090 3976; x_wconf 93' lang='lat' dir='ltr'>a</span> <span class='ocrx_word' id='word_1_180' title='bbox 1101 3933 1175 3974; x_wconf 83' lang='lat' dir='ltr'>vero.</span> <span class='ocrx_word' id='word_1_181' title='bbox 1186 3917 1288 3988; x_wconf 70' lang='lat' dir='ltr'>»(srn·</span> 
     </span>
    </p>
   </div>
   <div class='ocr_carea' id='block_1_6' title="bbox 261 4019 769 4176">
    <p class='ocr_par' dir='ltr' id='par_1_7' title="bbox 261 4019 786 4178">
     <span class='ocr_line' id='line_1_28' title="bbox 261 4019 374 4085; baseline -0.009 -13"><span class='ocrx_word' id='word_1_182' title='bbox 261 4019 374 4085; x_wconf 78' lang='lat' dir='ltr'>elanus.)</span> 
     </span>
     <span class='ocr_line' id='line_1_29' title="bbox 297 4101 769 4176; baseline -0.025 -15"><span class='ocrx_word' id='word_1_183' title='bbox 297 4110 331 4176; x_wconf 26' lang='lat' dir='ltr'>(ll</span> <span class='ocrx_word' id='word_1_184' title='bbox 350 4105 432 4161; x_wconf 87' lang='lat' dir='ltr'>Kritz.</span> <span class='ocrx_word' id='word_1_185' title='bbox 449 4103 495 4158; x_wconf 90' lang='lat' dir='ltr'>lib.</span> <span class='ocrx_word' id='word_1_186' title='bbox 511 4103 531 4169; x_wconf 86' lang='lat' dir='ltr'>l,</span> <span class='ocrx_word' id='word_1_187' title='bbox 547 4101 648 4175; x_wconf 70' lang='lat' dir='ltr'>froom.</span> <span class='ocrx_word' id='word_1_188' title='bbox 662 4101 705 4167; x_wconf 82' lang='lat' dir='ltr'>et,</span> <span class='ocrx_word' id='word_1_189' title='bbox 725 4101 769 4151; x_wconf 89' lang='grc'>63</span> 
     </span>
    </p>
   </div>
   <div class='ocr_carea' id='block_1_7' title="bbox 0 0 1499 4746">
    <p class='ocr_par' dir='ltr' id='par_1_8' title="bbox 0 0 1499 4746">
     <span class='ocr_line' id='line_1_30' title="bbox 0 0 1499 4746; baseline 0 0"><span class='ocrx_word' id='word_1_190' title='bbox 0 0 1499 4746; x_wconf 95' lang='lat' dir='ltr'> </span> 
     </span>
    </p>
   </div>
  </div>
 </body>
</html>
