<?xml version="1.0" encoding="UTF-8"?>
<!DOCTYPE html PUBLIC "-//W3C//DTD XHTML 1.0 Transitional//EN"
    "http://www.w3.org/TR/xhtml1/DTD/xhtml1-transitional.dtd">
<html xmlns="http://www.w3.org/1999/xhtml" xml:lang="en" lang="en">
 <head>
  <title>
</title>
<meta http-equiv="Content-Type" content="text/html;charset=utf-8" />
  <meta name='ocr-system' content='tesseract 3.04.00' />
  <meta name='ocr-capabilities' content='ocr_page ocr_carea ocr_par ocr_line ocrx_word'/>
</head>
<body>
  <div class='ocr_page' id='page_1' title='image "./desallustiocato00deltgoog_0095.png"; bbox 0 0 2974 4746; ppageno 0'>
   <div class='ocr_carea' id='block_1_1' title="bbox 705 421 864 478">
    <p class='ocr_par' dir='ltr' id='par_1_1' title="bbox 705 421 864 478">
     <span class='ocr_line' id='line_1_1' title="bbox 705 421 864 478; baseline 0.006 -16"><span class='ocrx_word' id='word_1_1' title='bbox 705 421 864 478; x_wconf 67' lang='lat'>„32-</span> 
     </span>
    </p>
   </div>
   <div class='ocr_carea' id='block_1_2' title="bbox 269 575 1299 919">
    <p class='ocr_par' dir='ltr' id='par_1_2' title="bbox 269 575 1299 919">
     <span class='ocr_line' id='line_1_2' title="bbox 272 575 1298 672; baseline -0.003 -26"><span class='ocrx_word' id='word_1_2' title='bbox 272 575 447 646; x_wconf 85' lang='lat' dir='ltr'>centiores</span> <span class='ocrx_word' id='word_1_3' title='bbox 461 590 580 647; x_wconf 87' lang='lat' dir='ltr'>antem</span> <span class='ocrx_word' id='word_1_4' title='bbox 601 575 800 646; x_wconf 88' lang='lat' dir='ltr'>multorum</span> <span class='ocrx_word' id='word_1_5' title='bbox 822 601 920 648; x_wconf 90' lang='lat' dir='ltr'>nunc</span> <span class='ocrx_word' id='word_1_6' title='bbox 944 601 1058 672; x_wconf 88' lang='lat' dir='ltr'>quum</span> <span class='ocrx_word' id='word_1_7' title='bbox 1077 583 1230 650; x_wconf 81' lang='lat' dir='ltr'>maxime</span> <span class='ocrx_word' id='word_1_8' title='bbox 1245 583 1298 644; x_wconf 90' lang='lat' dir='ltr'>vi-</span> 
     </span>
     <span class='ocr_line' id='line_1_3' title="bbox 270 697 1299 799; baseline 0.007 -29"><span class='ocrx_word' id='word_1_9' title='bbox 270 704 431 794; x_wconf 83' lang='lat' dir='ltr'>gentium</span> <span class='ocrx_word' id='word_1_10' title='bbox 445 697 526 770; x_wconf 84' lang='lat' dir='ltr'>luit.</span> <span class='ocrx_word' id='word_1_11' title='bbox 544 700 604 770; x_wconf 91' lang='lat' dir='ltr'>lsti</span> <span class='ocrx_word' id='word_1_12' title='bbox 619 698 727 771; x_wconf 87' lang='lat' dir='ltr'>verba</span> <span class='ocrx_word' id='word_1_13' title='bbox 741 697 784 770; x_wconf 86' lang='lat' dir='ltr'>ad</span> <span class='ocrx_word' id='word_1_14' title='bbox 804 699 969 771; x_wconf 90' lang='lat' dir='ltr'>insolitos</span> <span class='ocrx_word' id='word_1_15' title='bbox 987 699 1094 797; x_wconf 88' lang='lat' dir='ltr'>plane</span> <span class='ocrx_word' id='word_1_16' title='bbox 1109 727 1299 799; x_wconf 88' lang='lat' dir='ltr'>novosque</span> 
     </span>
     <span class='ocr_line' id='line_1_4' title="bbox 269 823 1297 919; baseline 0.008 -26"><span class='ocrx_word' id='word_1_17' title='bbox 269 847 394 894; x_wconf 90' lang='lat' dir='ltr'>sensus</span> <span class='ocrx_word' id='word_1_18' title='bbox 409 823 551 895; x_wconf 86' lang='lat' dir='ltr'>flectere</span> <span class='ocrx_word' id='word_1_19' title='bbox 568 823 710 912; x_wconf 85' lang='lat' dir='ltr'>volunt,</span> <span class='ocrx_word' id='word_1_20' title='bbox 738 848 852 919; x_wconf 90' lang='lat' dir='ltr'>eaque</span> <span class='ocrx_word' id='word_1_21' title='bbox 866 849 885 894; x_wconf 91' lang='lat' dir='ltr'>a</span> <span class='ocrx_word' id='word_1_22' title='bbox 901 824 1001 896; x_wconf 91' lang='lat' dir='ltr'>bono</span> <span class='ocrx_word' id='word_1_23' title='bbox 1013 840 1049 896; x_wconf 91' lang='lat' dir='ltr'>et</span> <span class='ocrx_word' id='word_1_24' title='bbox 1069 825 1204 898; x_wconf 88' lang='lat' dir='ltr'>idoneo</span> <span class='ocrx_word' id='word_1_25' title='bbox 1228 853 1297 908; x_wconf 87' lang='lat' dir='ltr'>usu</span> 
     </span>
    </p>
   </div>
   <div class='ocr_carea' id='block_1_3' title="bbox 269 945 1219 1046">
    <p class='ocr_par' dir='ltr' id='par_1_3' title="bbox 269 945 1219 1046">
     <span class='ocr_line' id='line_1_5' title="bbox 269 945 1219 1046; baseline 0.007 -30"><span class='ocrx_word' id='word_1_26' title='bbox 269 945 409 1018; x_wconf 85' lang='lat' dir='ltr'>detorta</span> <span class='ocrx_word' id='word_1_27' title='bbox 432 954 585 1018; x_wconf 91' lang='lat' dir='ltr'>omnino</span> <span class='ocrx_word' id='word_1_28' title='bbox 601 947 830 1044; x_wconf 76' lang='lat' dir='ltr'><strong>distorquent</strong></span> <span class='ocrx_word' id='word_1_29' title='bbox 844 964 878 1017; x_wconf 85' lang='lat' dir='ltr'>et</span> <span class='ocrx_word' id='word_1_30' title='bbox 900 955 1003 1044; x_wconf 88' lang='lat' dir='ltr'>quasi</span> <span class='ocrx_word' id='word_1_31' title='bbox 1022 948 1219 1046; x_wconf 85' lang='lat' dir='ltr'>frangunt:</span> 
     </span>
    </p>
   </div>
   <div class='ocr_carea' id='block_1_4' title="bbox 463 1229 1093 1390">
    <p class='ocr_par' dir='ltr' id='par_1_4' title="bbox 463 1229 1093 1390">
     <span class='ocr_line' id='line_1_6' title="bbox 464 1229 1093 1304; baseline -0.003 -16"><span class='ocrx_word' id='word_1_32' title='bbox 464 1234 568 1288; x_wconf 85' lang='lat' dir='ltr'>Mortua</span> <span class='ocrx_word' id='word_1_33' title='bbox 578 1230 642 1302; x_wconf 91' lang='lat' dir='ltr'>quin</span> <span class='ocrx_word' id='word_1_34' title='bbox 656 1229 736 1285; x_wconf 87' lang='lat' dir='ltr'>etiam</span> <span class='ocrx_word' id='word_1_35' title='bbox 748 1231 875 1302; x_wconf 82' lang='lat' dir='ltr'>jungebat</span> <span class='ocrx_word' id='word_1_36' title='bbox 889 1232 1093 1304; x_wconf 69' lang='lat' dir='ltr'>corporalius,</span> 
     </span>
     <span class='ocr_line' id='line_1_7' title="bbox 463 1321 713 1390; baseline -0.008 -15"><span class='ocrx_word' id='word_1_37' title='bbox 463 1321 597 1378; x_wconf 83' lang='lat' dir='ltr'>Tormenti</span> <span class='ocrx_word' id='word_1_38' title='bbox 610 1333 695 1390; x_wconf 81' lang='lat' dir='ltr'>genus</span> <span class='ocrx_word' id='word_1_39' title='bbox 707 1321 713 1372; x_wconf 74' lang='grc' dir='ltr'>Ξ</span> 
     </span>
    </p>
   </div>
   <div class='ocr_carea' id='block_1_5' title="bbox 259 1569 1297 4149">
    <p class='ocr_par' dir='ltr' id='par_1_5' title="bbox 265 1569 1297 2536">
     <span class='ocr_line' id='line_1_8' title="bbox 266 1569 1289 1670; baseline 0 -28"><span class='ocrx_word' id='word_1_40' title='bbox 266 1571 373 1662; x_wconf 86' lang='lat' dir='ltr'>Quod</span> <span class='ocrx_word' id='word_1_41' title='bbox 412 1571 558 1668; x_wconf 88' lang='lat' dir='ltr'>quidem</span> <span class='ocrx_word' id='word_1_42' title='bbox 600 1571 817 1670; x_wconf 87' lang='lat' dir='ltr'>supplicium</span> <span class='ocrx_word' id='word_1_43' title='bbox 847 1572 969 1668; x_wconf 80' lang='lat' dir='ltr'>lingua</span> <span class='ocrx_word' id='word_1_44' title='bbox 1005 1569 1177 1668; x_wconf 85' lang='lat' dir='ltr'>quaelibet</span> <span class='ocrx_word' id='word_1_45' title='bbox 1215 1596 1289 1642; x_wconf 92' lang='lat' dir='ltr'>non</span> 
     </span>
     <span class='ocr_line' id='line_1_9' title="bbox 268 1694 1293 1794; baseline 0.002 -30"><span class='ocrx_word' id='word_1_46' title='bbox 268 1703 417 1792; x_wconf 90' lang='lat' dir='ltr'>impune</span> <span class='ocrx_word' id='word_1_47' title='bbox 449 1699 593 1794; x_wconf 90' lang='lat' dir='ltr'>patitur.</span> <span class='ocrx_word' id='word_1_48' title='bbox 623 1700 745 1786; x_wconf 89' lang='lat' dir='ltr'>Quum</span> <span class='ocrx_word' id='word_1_49' title='bbox 775 1710 894 1768; x_wconf 90' lang='lat' dir='ltr'>autem</span> <span class='ocrx_word' id='word_1_50' title='bbox 930 1695 1143 1782; x_wconf 77' lang='lat' dir='ltr'>Sallustius,</span> <span class='ocrx_word' id='word_1_51' title='bbox 1181 1694 1293 1766; x_wconf 86' lang='lat' dir='ltr'>multa</span> 
     </span>
     <span class='ocr_line' id='line_1_10' title="bbox 266 1819 1293 1916; baseline 0.001 -27"><span class='ocrx_word' id='word_1_52' title='bbox 266 1819 431 1890; x_wconf 85' lang='lat' dir='ltr'>doctrina</span> <span class='ocrx_word' id='word_1_53' title='bbox 450 1835 484 1890; x_wconf 90' lang='lat' dir='ltr'>et</span> <span class='ocrx_word' id='word_1_54' title='bbox 507 1834 594 1906; x_wconf 87' lang='lat' dir='ltr'>arte,</span> <span class='ocrx_word' id='word_1_55' title='bbox 609 1823 812 1916; x_wconf 83' lang='lat' dir='ltr'>egregiique</span> <span class='ocrx_word' id='word_1_56' title='bbox 829 1823 961 1915; x_wconf 84' lang='lat' dir='ltr'>ingenii</span> <span class='ocrx_word' id='word_1_57' title='bbox 984 1824 1030 1906; x_wconf 86' lang='lat' dir='ltr'>vi,</span> <span class='ocrx_word' id='word_1_58' title='bbox 1055 1819 1102 1892; x_wconf 84' lang='lat' dir='ltr'>ab</span> <span class='ocrx_word' id='word_1_59' title='bbox 1121 1819 1183 1891; x_wconf 92' lang='lat' dir='ltr'>illo</span> <span class='ocrx_word' id='word_1_60' title='bbox 1205 1822 1293 1890; x_wconf 87' lang='lat' dir='ltr'>vitio</span> 
     </span>
     <span class='ocr_line' id='line_1_11' title="bbox 265 1942 1292 2041; baseline 0.002 -29"><span class='ocrx_word' id='word_1_61' title='bbox 265 1942 348 2014; x_wconf 87' lang='lat' dir='ltr'>satis</span> <span class='ocrx_word' id='word_1_62' title='bbox 389 1950 541 2028; x_wconf 86' lang='lat' dir='ltr'>caverit,</span> <span class='ocrx_word' id='word_1_63' title='bbox 580 1959 720 2032; x_wconf 85' lang='lat' dir='ltr'>tamen,</span> <span class='ocrx_word' id='word_1_64' title='bbox 764 1958 910 2041; x_wconf 86' lang='lat' dir='ltr'>propter</span> <span class='ocrx_word' id='word_1_65' title='bbox 946 1943 1035 2014; x_wconf 93' lang='lat' dir='ltr'>illud</span> <span class='ocrx_word' id='word_1_66' title='bbox 1064 1948 1292 2024; x_wconf 85' lang='lat' dir='ltr'>institutum,</span> 
     </span>
     <span class='ocr_line' id='line_1_12' title="bbox 265 2065 1297 2170; baseline -0.001 -34"><span class='ocrx_word' id='word_1_67' title='bbox 265 2091 531 2164; x_wconf 83' lang='lat' dir='ltr'>nonnunquam</span> <span class='ocrx_word' id='word_1_68' title='bbox 544 2067 591 2138; x_wconf 86' lang='lat' dir='ltr'>ab</span> <span class='ocrx_word' id='word_1_69' title='bbox 607 2068 774 2139; x_wconf 87' lang='lat' dir='ltr'>historica</span> <span class='ocrx_word' id='word_1_70' title='bbox 790 2065 867 2170; x_wconf 71' lang='lat' dir='ltr'>liele¹</span> <span class='ocrx_word' id='word_1_71' title='bbox 878 2067 983 2164; x_wconf 91' lang='lat' dir='ltr'>plane</span> <span class='ocrx_word' id='word_1_72' title='bbox 999 2073 1152 2140; x_wconf 89' lang='lat' dir='ltr'>recessit.</span> <span class='ocrx_word' id='word_1_73' title='bbox 1177 2073 1297 2140; x_wconf 87' lang='lat' dir='ltr'>Exem-</span> 
     </span>
     <span class='ocr_line' id='line_1_13' title="bbox 265 2187 1296 2286; baseline 0.006 -30"><span class='ocrx_word' id='word_1_74' title='bbox 265 2187 316 2286; x_wconf 92' lang='lat' dir='ltr'>pli</span> <span class='ocrx_word' id='word_1_75' title='bbox 335 2195 430 2260; x_wconf 93' lang='lat' dir='ltr'>enim</span> <span class='ocrx_word' id='word_1_76' title='bbox 444 2213 563 2274; x_wconf 89' lang='lat' dir='ltr'>causa,</span> <span class='ocrx_word' id='word_1_77' title='bbox 581 2205 758 2285; x_wconf 80' lang='lat' dir='ltr'>qnantum</span> <span class='ocrx_word' id='word_1_78' title='bbox 772 2195 887 2260; x_wconf 87' lang='lat' dir='ltr'>oratio</span> <span class='ocrx_word' id='word_1_79' title='bbox 908 2193 1053 2260; x_wconf 77' lang='lat' dir='ltr'>Gaesans</span> <span class='ocrx_word' id='word_1_80' title='bbox 1068 2193 1104 2260; x_wconf 93' lang='lat' dir='ltr'>in</span> <span class='ocrx_word' id='word_1_81' title='bbox 1128 2188 1296 2262; x_wconf 82' lang='lat' dir='ltr'>Catt&#39;lr&#39;nae</span> 
     </span>
     <span class='ocr_line' id='line_1_14' title="bbox 265 2313 1295 2410; baseline 0.004 -29"><span class='ocrx_word' id='word_1_82' title='bbox 265 2313 512 2403; x_wconf 79' lang='lat' dir='ltr'>conjuratione</span> <span class='ocrx_word' id='word_1_83' title='bbox 549 2339 632 2384; x_wconf 91' lang='lat' dir='ltr'>cum</span> <span class='ocrx_word' id='word_1_84' title='bbox 673 2320 859 2410; x_wconf 88' lang='lat' dir='ltr'>perspicua</span> <span class='ocrx_word' id='word_1_85' title='bbox 891 2328 925 2382; x_wconf 92' lang='lat' dir='ltr'>et</span> <span class='ocrx_word' id='word_1_86' title='bbox 955 2331 1048 2384; x_wconf 87' lang='lat' dir='ltr'>recta</span> <span class='ocrx_word' id='word_1_87' title='bbox 1082 2329 1117 2384; x_wconf 91' lang='lat' dir='ltr'>et</span> <span class='ocrx_word' id='word_1_88' title='bbox 1145 2327 1295 2386; x_wconf 85' lang='lat' dir='ltr'>venusta</span> 
     </span>
     <span class='ocr_line' id='line_1_15' title="bbox 265 2436 1292 2536; baseline 0.001 -32"><span class='ocrx_word' id='word_1_89' title='bbox 265 2437 449 2507; x_wconf 87' lang='lat' dir='ltr'>dictatoris</span> <span class='ocrx_word' id='word_1_90' title='bbox 472 2436 670 2507; x_wconf 70' lang='lat' dir='ltr'>subtilitate</span> <span class='ocrx_word' id='word_1_91' title='bbox 699 2453 847 2536; x_wconf 87' lang='lat' dir='ltr'>pugnet,</span> <span class='ocrx_word' id='word_1_92' title='bbox 883 2443 964 2532; x_wconf 91' lang='lat' dir='ltr'>quis</span> <span class='ocrx_word' id='word_1_93' title='bbox 990 2463 1063 2508; x_wconf 93' lang='lat' dir='ltr'>non</span> <span class='ocrx_word' id='word_1_94' title='bbox 1085 2439 1292 2536; x_wconf 84' lang='lat' dir='ltr'>perspexit?</span> 
     </span>
    </p>

    <p class='ocr_par' dir='ltr' id='par_1_6' title="bbox 259 2560 1296 4149">
     <span class='ocr_line' id='line_1_16' title="bbox 313 2560 1293 2659; baseline 0.002 -27"><span class='ocrx_word' id='word_1_95' title='bbox 313 2567 450 2659; x_wconf 82' lang='lat' dir='ltr'>Rursus</span> <span class='ocrx_word' id='word_1_96' title='bbox 477 2585 561 2631; x_wconf 88' lang='lat' dir='ltr'>vero</span> <span class='ocrx_word' id='word_1_97' title='bbox 583 2585 655 2631; x_wconf 91' lang='lat' dir='ltr'>uon</span> <span class='ocrx_word' id='word_1_98' title='bbox 686 2560 840 2631; x_wconf 90' lang='lat' dir='ltr'>dubium</span> <span class='ocrx_word' id='word_1_99' title='bbox 865 2577 917 2631; x_wconf 87' lang='lat' dir='ltr'>est</span> <span class='ocrx_word' id='word_1_100' title='bbox 945 2577 1104 2658; x_wconf 84' lang='lat' dir='ltr'>veterum</span> <span class='ocrx_word' id='word_1_101' title='bbox 1127 2566 1293 2634; x_wconf 89' lang='lat' dir='ltr'>imitatio·</span> 
     </span>
     <span class='ocr_line' id='line_1_17' title="bbox 266 2681 1296 2783; baseline 0.001 -26"><span class='ocrx_word' id='word_1_102' title='bbox 266 2711 347 2757; x_wconf 91' lang='lat' dir='ltr'>nem</span> <span class='ocrx_word' id='word_1_103' title='bbox 374 2711 448 2756; x_wconf 92' lang='lat' dir='ltr'>non</span> <span class='ocrx_word' id='word_1_104' title='bbox 480 2709 607 2783; x_wconf 86' lang='lat' dir='ltr'>parum</span> <span class='ocrx_word' id='word_1_105' title='bbox 627 2685 823 2756; x_wconf 76' lang='lat' dir='ltr'>contulisse</span> <span class='ocrx_word' id='word_1_106' title='bbox 846 2685 891 2756; x_wconf 85' lang='lat' dir='ltr'>ad</span> <span class='ocrx_word' id='word_1_107' title='bbox 918 2692 1065 2756; x_wconf 88' lang='lat' dir='ltr'>virtutes</span> <span class='ocrx_word' id='word_1_108' title='bbox 1090 2681 1168 2760; x_wconf 89' lang='lat' dir='ltr'>illas</span> <span class='ocrx_word' id='word_1_109' title='bbox 1191 2693 1296 2760; x_wconf 89' lang='lat' dir='ltr'>toties</span> 
     </span>
     <span class='ocr_line' id='line_1_18' title="bbox 265 2810 1286 2910; baseline -0.001 -26"><span class='ocrx_word' id='word_1_110' title='bbox 265 2837 284 2884; x_wconf 85' lang='lat' dir='ltr'>a</span> <span class='ocrx_word' id='word_1_111' title='bbox 304 2810 484 2883; x_wconf 88' lang='lat' dir='ltr'>veteribus</span> <span class='ocrx_word' id='word_1_112' title='bbox 503 2817 539 2881; x_wconf 92' lang='lat' dir='ltr'>iu</span> <span class='ocrx_word' id='word_1_113' title='bbox 554 2811 722 2882; x_wconf 84' lang='lat' dir='ltr'>Sallustio</span> <span class='ocrx_word' id='word_1_114' title='bbox 738 2810 911 2899; x_wconf 85' lang='lat' dir='ltr'>laudatas,</span> <span class='ocrx_word' id='word_1_115' title='bbox 935 2817 1186 2910; x_wconf 77' lang='lat' dir='ltr'>proprietatem</span> <span class='ocrx_word' id='word_1_116' title='bbox 1210 2838 1286 2885; x_wconf 88' lang='lat' dir='ltr'>ver-</span> 
     </span>
     <span class='ocr_line' id='line_1_19' title="bbox 267 2937 1292 3036; baseline 0 -26"><span class='ocrx_word' id='word_1_117' title='bbox 267 2939 423 3029; x_wconf 88' lang='lat' dir='ltr'>borum,</span> <span class='ocrx_word' id='word_1_118' title='bbox 452 2937 675 3026; x_wconf 84' lang='lat' dir='ltr'>brevitatem,</span> <span class='ocrx_word' id='word_1_119' title='bbox 703 2946 787 3026; x_wconf 84' lang='lat' dir='ltr'>rim,</span> <span class='ocrx_word' id='word_1_120' title='bbox 811 2937 1009 3036; x_wconf 88' lang='lat' dir='ltr'>plurimum</span> <span class='ocrx_word' id='word_1_121' title='bbox 1034 2943 1186 3011; x_wconf 90' lang='lat' dir='ltr'>succiet</span> <span class='ocrx_word' id='word_1_122' title='bbox 1211 2963 1292 3012; x_wconf 88' lang='lat' dir='ltr'>san-</span> 
     </span>
     <span class='ocr_line' id='line_1_20' title="bbox 268 3063 1291 3164; baseline 0.001 -28"><span class='ocrx_word' id='word_1_123' title='bbox 268 3068 400 3160; x_wconf 86' lang='lat' dir='ltr'>guinis,</span> <span class='ocrx_word' id='word_1_124' title='bbox 422 3070 669 3160; x_wconf 82' lang='lat' dir='ltr'>orationisque</span> <span class='ocrx_word' id='word_1_125' title='bbox 692 3070 815 3164; x_wconf 87' lang='lat' dir='ltr'>priscae</span> <span class='ocrx_word' id='word_1_126' title='bbox 838 3063 946 3134; x_wconf 91' lang='lat' dir='ltr'>simul</span> <span class='ocrx_word' id='word_1_127' title='bbox 973 3079 1007 3134; x_wconf 85' lang='lat' dir='ltr'>et</span> <span class='ocrx_word' id='word_1_128' title='bbox 1031 3089 1131 3136; x_wconf 88' lang='lat' dir='ltr'>novae</span> <span class='ocrx_word' id='word_1_129' title='bbox 1149 3079 1291 3162; x_wconf 85' lang='lat' dir='ltr'>gratum</span> 
     </span>
     <span class='ocr_line' id='line_1_21' title="bbox 266 3189 1293 3289; baseline 0.002 -26"><span class='ocrx_word' id='word_1_130' title='bbox 266 3191 423 3289; x_wconf 87' lang='lat' dir='ltr'>aliquem</span> <span class='ocrx_word' id='word_1_131' title='bbox 450 3196 553 3289; x_wconf 89' lang='lat' dir='ltr'>qnasi</span> <span class='ocrx_word' id='word_1_132' title='bbox 581 3215 758 3288; x_wconf 90' lang='lat' dir='ltr'>saporem.</span> <span class='ocrx_word' id='word_1_133' title='bbox 785 3195 828 3261; x_wconf 87' lang='lat' dir='ltr'>Et</span> <span class='ocrx_word' id='word_1_134' title='bbox 846 3214 931 3261; x_wconf 88' lang='lat' dir='ltr'>sane</span> <span class='ocrx_word' id='word_1_135' title='bbox 961 3189 1175 3264; x_wconf 88' lang='lat' dir='ltr'>crediderim</span> <span class='ocrx_word' id='word_1_136' title='bbox 1207 3217 1293 3264; x_wconf 89' lang='lat' dir='ltr'>con·</span> 
     </span>
     <span class='ocr_line' id='line_1_22' title="bbox 264 3314 1288 3414; baseline 0.002 -28"><span class='ocrx_word' id='word_1_137' title='bbox 264 3316 359 3388; x_wconf 86' lang='lat' dir='ltr'>sulto</span> <span class='ocrx_word' id='word_1_138' title='bbox 378 3317 587 3388; x_wconf 86' lang='lat' dir='ltr'>Sallustium</span> <span class='ocrx_word' id='word_1_139' title='bbox 611 3341 631 3384; x_wconf 86' lang='lat' dir='ltr'>a</span> <span class='ocrx_word' id='word_1_140' title='bbox 653 3320 837 3387; x_wconf 86' lang='lat' dir='ltr'>Ciceronis</span> <span class='ocrx_word' id='word_1_141' title='bbox 857 3314 1032 3411; x_wconf 85' lang='lat' dir='ltr'>elegantia</span> <span class='ocrx_word' id='word_1_142' title='bbox 1057 3331 1092 3387; x_wconf 90' lang='lat' dir='ltr'>et</span> <span class='ocrx_word' id='word_1_143' title='bbox 1115 3321 1288 3414; x_wconf 86' lang='lat' dir='ltr'>copiare-</span> 
     </span>
     <span class='ocr_line' id='line_1_23' title="bbox 265 3437 1293 3536; baseline 0 -27"><span class='ocrx_word' id='word_1_144' title='bbox 265 3445 423 3529; x_wconf 88' lang='lat' dir='ltr'>cessisse,</span> <span class='ocrx_word' id='word_1_145' title='bbox 443 3454 478 3509; x_wconf 88' lang='lat' dir='ltr'>et</span> <span class='ocrx_word' id='word_1_146' title='bbox 492 3451 652 3510; x_wconf 85' lang='lat' dir='ltr'>veterum</span> <span class='ocrx_word' id='word_1_147' title='bbox 668 3437 819 3508; x_wconf 88' lang='lat' dir='ltr'>lacertos</span> <span class='ocrx_word' id='word_1_148' title='bbox 839 3442 1083 3534; x_wconf 89' lang='lat' dir='ltr'>potiusquam</span> <span class='ocrx_word' id='word_1_149' title='bbox 1099 3437 1293 3536; x_wconf 74' lang='lat' dir='ltr'>aequalium</span> 
     </span>
     <span class='ocr_line' id='line_1_24' title="bbox 265 3565 1291 3660; baseline 0 -27"><span class='ocrx_word' id='word_1_150' title='bbox 265 3587 407 3636; x_wconf 89' lang='lat' dir='ltr'>carnem</span> <span class='ocrx_word' id='word_1_151' title='bbox 424 3568 648 3660; x_wconf 84' lang='lat' dir='ltr'>expressisse.</span> <span class='ocrx_word' id='word_1_152' title='bbox 672 3566 856 3633; x_wconf 87' lang='lat' dir='ltr'>Ciceronis</span> <span class='ocrx_word' id='word_1_153' title='bbox 878 3565 974 3632; x_wconf 92' lang='lat' dir='ltr'>enim</span> <span class='ocrx_word' id='word_1_154' title='bbox 998 3565 1209 3651; x_wconf 89' lang='lat' dir='ltr'>imitatores,</span> <span class='ocrx_word' id='word_1_155' title='bbox 1228 3567 1291 3658; x_wconf 92' lang='lat' dir='ltr'>qui</span> 
     </span>
     <span class='ocr_line' id='line_1_25' title="bbox 265 3682 1291 3781; baseline -0.001 -26"><span class='ocrx_word' id='word_1_156' title='bbox 265 3686 371 3756; x_wconf 90' lang='lat' dir='ltr'>multi</span> <span class='ocrx_word' id='word_1_157' title='bbox 381 3684 547 3773; x_wconf 88' lang='lat' dir='ltr'>luerunt,</span> <span class='ocrx_word' id='word_1_158' title='bbox 562 3687 640 3781; x_wconf 89' lang='lat' dir='ltr'>ejus</span> <span class='ocrx_word' id='word_1_159' title='bbox 655 3690 829 3754; x_wconf 87' lang='lat' dir='ltr'>orationis</span> <span class='ocrx_word' id='word_1_160' title='bbox 848 3682 1076 3781; x_wconf 86' lang='lat' dir='ltr'>lepidissimae</span> <span class='ocrx_word' id='word_1_161' title='bbox 1094 3683 1243 3780; x_wconf 90' lang='lat' dir='ltr'>quidem</span> <span class='ocrx_word' id='word_1_162' title='bbox 1256 3699 1291 3756; x_wconf 90' lang='lat' dir='ltr'>et</span> 
     </span>
     <span class='ocr_line' id='line_1_26' title="bbox 259 3797 1290 3903; baseline 0.002 -26"><span class='ocrx_word' id='word_1_163' title='bbox 259 3808 544 3903; x_wconf 69' lang='lat' dir='ltr'>jucundissimae,</span> <span class='ocrx_word' id='word_1_164' title='bbox 564 3822 661 3879; x_wconf 86' lang='lat' dir='ltr'>tanta</span> <span class='ocrx_word' id='word_1_165' title='bbox 685 3804 961 3903; x_wconf 80' lang='lat' dir='ltr'>magnificentia,</span> <span class='ocrx_word' id='word_1_166' title='bbox 982 3821 1081 3878; x_wconf 88' lang='lat' dir='ltr'>tauta</span> <span class='ocrx_word' id='word_1_167' title='bbox 1097 3797 1290 3879; x_wconf 88' lang='lat' dir='ltr'>vehemen-</span> 
     </span>
     <span class='ocr_line' id='line_1_27' title="bbox 261 3925 1288 4026; baseline 0.001 -25"><span class='ocrx_word' id='word_1_168' title='bbox 261 3938 324 4014; x_wconf 84' lang='lat' dir='ltr'>tia,</span> <span class='ocrx_word' id='word_1_169' title='bbox 354 3945 451 4001; x_wconf 83' lang='lat' dir='ltr'>tanta</span> <span class='ocrx_word' id='word_1_170' title='bbox 473 3955 593 4000; x_wconf 91' lang='lat' dir='ltr'>rerum</span> <span class='ocrx_word' id='word_1_171' title='bbox 623 3925 795 4014; x_wconf 87' lang='lat' dir='ltr'>ubertate,</span> <span class='ocrx_word' id='word_1_172' title='bbox 820 3943 891 4000; x_wconf 87' lang='lat' dir='ltr'>tam</span> <span class='ocrx_word' id='word_1_173' title='bbox 914 3933 1093 4026; x_wconf 81' lang='lat' dir='ltr'>exquisita</span> <span class='ocrx_word' id='word_1_174' title='bbox 1113 3955 1288 4002; x_wconf 90' lang='lat' dir='ltr'>sonorum</span> 
     </span>
     <span class='ocr_line' id='line_1_28' title="bbox 262 4051 1288 4149; baseline 0 -25"><span class='ocrx_word' id='word_1_175' title='bbox 262 4059 433 4126; x_wconf 86' lang='lat' dir='ltr'>suavitate</span> <span class='ocrx_word' id='word_1_176' title='bbox 451 4053 636 4144; x_wconf 88' lang='lat' dir='ltr'>mirabilis,</span> <span class='ocrx_word' id='word_1_177' title='bbox 657 4054 731 4149; x_wconf 87' lang='lat' dir='ltr'>jam</span> <span class='ocrx_word' id='word_1_178' title='bbox 753 4051 936 4124; x_wconf 84' lang='lat' dir='ltr'>fastidium</span> <span class='ocrx_word' id='word_1_179' title='bbox 962 4051 1140 4143; x_wconf 88' lang='lat' dir='ltr'>fecerant;</span> <span class='ocrx_word' id='word_1_180' title='bbox 1174 4059 1288 4126; x_wconf 88' lang='lat' dir='ltr'>nemi·</span> 
     </span>
    </p>
   </div>
   <div class='ocr_carea' id='block_1_6' title="bbox 0 0 1492 4746">
    <p class='ocr_par' dir='ltr' id='par_1_7' title="bbox 0 0 1492 4746">
     <span class='ocr_line' id='line_1_29' title="bbox 0 0 1492 4746; baseline 0 0"><span class='ocrx_word' id='word_1_181' title='bbox 0 0 1492 4746; x_wconf 95' lang='lat' dir='ltr'> </span> 
     </span>
    </p>
   </div>
  </div>
 </body>
</html>
